1804 2926
479 147 631 180 LIBER
655 146 861 189 XXXXII,
890 146 941 179 13.
967 146 1016 178 14.
1047 149 1095 189 [a.
1111 146 1150 180 C.
1168 146 1247 189 172]
1484 138 1537 177 39

187 251 381 307 pervasit,
409 258 452 290 ut
476 250 518 290 in
543 249 652 290 bello
673 249 866 289 intestino
887 249 1101 290 deterioris
1128 249 1256 304 partis
1277 249 1431 289 auxilio
1451 264 1538 289 me-

187 315 330 354 liorem
355 312 587 366 adfligeret,
621 311 809 351 confudit
833 318 874 352 et
898 311 1063 351 miscuit
1089 311 1227 351 omnia
1250 311 1292 351 in
1319 311 1537 352 Thessalia

186 374 525 427 Perrhaebiaque
552 389 623 428 spe
648 387 853 413 novarum
878 373 1128 422 tabularum,
1154 380 1201 414 ut
1225 388 1351 414 manu
1377 373 1537 413 debito-

185 452 276 477 rum
303 436 484 477 obnoxia
510 436 587 476 sibi
614 435 839 489 optumatis
865 435 1130 489 opprimeret.
1167 435 1270 476 haec
1296 450 1392 476 cum
1417 434 1536 475 vobis

186 499 497 552 quiescentibus
535 505 576 539 et
617 497 872 552 patientibus
916 498 1061 539 fecerit
1097 506 1138 539 et
1181 512 1420 539 concessam
1459 498 1538 538 sibi

187 560 410 602 Graeciam
438 574 527 601 esse
553 576 577 600 a
602 560 720 600 vobis
746 559 898 608 videat,
925 574 999 614 pro
1026 568 1138 601 certo
1164 560 1303 608 habet,
1329 560 1538 601 neminem

185 623 276 671 sibi,
303 630 526 676 antequam
547 623 589 662 in
603 622 768 662 Italiam
789 622 1007 671 traiecerit‚
1029 630 1236 663 armatum
1255 636 1538 662 occursurum.

186 684 264 725 hoc
289 698 416 737 quam
446 684 565 725 vobis
597 692 733 724 tutum
765 693 837 724 aut
869 683 1090 724 honestum
1122 683 1192 732 sit,
1228 698 1303 724 vos
1335 684 1539 732 videritis3

187 761 265 800 ego
291 754 400 787 certe
426 746 527 787 mihi
559 754 679 801 turpe
711 762 801 787 csse
827 746 946 794 duxi,
978 746 1092 800 prius
1117 746 1275 787 Persea
1301 747 1354 787 ad
1385 746 1541 787 bellum

186 808 449 849 inferendum
475 823 602 861 quam
628 823 693 849 ine
720 808 880 849 socium
905 809 958 849 ad
983 808 1322 862 praedicendum,
1348 816 1394 848 ut
1419 823 1540 849 cave-

186 871 302 919 retis,
339 871 479 911 venire
509 871 551 910 in
576 871 755 910 Italiam.
815 870 983 911 functus
1016 870 1250 911 necessario
1276 870 1377 910 mihi
1403 871 1540 910 officio

187 939 227 973 et
252 933 434 986 quodam
458 933 582 973 modo
608 933 783 973 liberata
808 940 932 986 atque
953 940 1178 974 exonerata
1202 933 1283 974 fide
1309 947 1415 981 mea,
1441 933 1541 986 quid

186 996 295 1035 ultra
327 995 464 1036 facere
494 1009 684 1049 possum,
721 1010 846 1047 quam
878 995 937 1035 uti
963 995 1061 1035 deos
1088 995 1270 1047 deasque
1301 1010 1464 1048 precer,
1496 1004 1542 1034 ut

188 1072 262 1097 vos
288 1064 328 1097 et
358 1065 523 1097 vestrae
554 1057 611 1097 rei
638 1057 831 1111 publicae
858 1064 898 1097 et
929 1057 1049 1097 nobis
1082 1057 1203 1097 sociis
1234 1064 1358 1110 atque
1384 1057 1540 1105 amicis,

188 1119 259 1172 qui
285 1135 334 1160 ex
362 1119 480 1159 vobis
506 1119 750 1173 pendemus,
777 1119 1046 1159 consulatis?

272 1181 426 1221 XIIII.
460 1182 579 1221 Haec
599 1181 728 1221 oratio
750 1181 878 1221 movit
898 1188 1036 1234 patres
1059 1181 1326 1235 conscriptos.
1359 1188 1539 1222 ceterum

187 1243 229 1282 in
266 1243 501 1297 praesentia
537 1243 638 1282 nihil
676 1250 967 1296 praeterquam
1005 1242 1134 1282 fuisse
1170 1243 1212 1282 in
1249 1243 1364 1288 curia
1399 1258 1540 1297 regem

189 1304 293 1345 scire
320 1304 542 1357 quisquam
567 1304 715 1358 potuit,
742 1319 790 1345 eo
817 1304 978 1344 silentio
1000 1304 1141 1344 clausa
1161 1304 1276 1344 curia
1301 1312 1407 1354 erat3
1434 1305 1542 1345 bello

189 1366 367 1419 denique
387 1366 572 1420 perfecto
595 1380 785 1419 quaeque
806 1366 917 1406 dicta
939 1366 991 1406 ab
1013 1381 1110 1420 rege
1132 1380 1323 1419 quaeque
1344 1382 1544 1422 respousa

189 1436 325 1469 essent
351 1443 611 1469 emanavere.

271 1490 416 1532 Persei
447 1491 595 1532 deinde
624 1491 734 1545 regis
766 1490 914 1544 legatis
946 1497 1039 1544 post
1070 1505 1227 1545 paucos
1254 1490 1341 1531 dies
1375 1499 1544 1532 senatus

188 1554 309 1593 datus
346 1560 420 1594 cst.
492 1560 674 1594 ceterum
716 1553 1032 1607 praeoccupatis
1074 1568 1158 1593 non
1195 1553 1366 1593 auribus
1409 1554 1543 1608 magis

188 1630 314 1668 quam
340 1615 487 1655 animis.
519 1615 572 1655 ab
598 1615 789 1656 Eumene
820 1630 938 1669 rege,
970 1615 1102 1655 omnis
1129 1622 1169 1656 et
1195 1614 1382 1656 defensio
1408 1623 1448 1656 et
1473 1616 1544 1656 dc-

188 1678 370 1732 precatio
402 1679 637 1731 legatorum
667 1677 955 1731 respuebatur.
1017 1684 1058 1718 et
1088 1677 1353 1731 exasperavit
1385 1677 1544 1718 animos
1571 1687 1587 1697 ⁰

189 1739 343 1781 ferocia
372 1741 500 1780 nimia
530 1741 726 1795 Harpali,
764 1740 834 1793 qui
866 1740 1060 1794 princeps
1091 1740 1310 1794 legationis
1343 1747 1443 1780 erat.
1510 1740 1544 1779 is

192 1802 295 1843 velle
321 1803 488 1855 quidem
511 1810 551 1843 et,
574 1803 763 1843 laborare
784 1802 886 1842 dixit
907 1817 1062 1856 regem,
1090 1810 1132 1842 ut
1159 1802 1356 1856 purganti
1382 1818 1425 1843 se
1444 1802 1545 1842 nihil

190 1865 337 1904 hostile
381 1864 533 1905 dixisse
576 1873 645 1905 aut
688 1865 836 1905 fecisse
872 1865 974 1905 fides
1019 1864 1242 1905 habeatur:
1288 1872 1472 1905 ceterum
1510 1865 1544 1904 si

192 1925 448 1979 pervicacius
481 1940 650 1966 causam
679 1926 778 1967 belli
809 1926 953 1979 quaeri
984 1926 1143 1975 videat,
1181 1926 1277 1966 ferti
1310 1926 1448 1966 animo
1475 1926 1546 1966 de-

192 1989 407 2028 fensurum
444 2003 501 2028 se.
562 1988 745 2029 Martem
778 2003 1028 2028 conmunem
1059 2003 1148 2029 esse
1180 1997 1219 2028 ct
1256 1995 1452 2028 eventum
1482 1988 1545 2028 in-

193 2058 351 2090 certum
377 2049 486 2090 belli.

280 2110 490 2151 Omnibus
517 2111 755 2151 civitatibus
771 2110 975 2152 Graeciae
998 2119 1123 2164 atque
1138 2111 1267 2151 Asiae
1294 2125 1418 2152 curae
1444 2119 1543 2159 erat,

193 2174 294 2227 quid
316 2174 461 2214 Persei
492 2174 637 2227 legati,
675 2174 775 2226 quid
799 2174 1012 2214 Eumenes
1044 2173 1087 2213 in
1120 2181 1266 2214 senatu
1299 2174 1469 2228 cgisset3
1507 2183 1547 2215 et

194 2243 362 2289 propter
383 2235 610 2275 adventum
636 2235 744 2281 eius,
770 2249 896 2287 quem
914 2243 1125 2275 moturum
1151 2235 1308 2288 aliquid
1333 2235 1545 2285 rebantur,

195 2298 392 2337 miserant
416 2297 638 2351 pleraeque
659 2297 860 2345 civitates,
886 2298 967 2337 alia
991 2297 1032 2337 in
1052 2297 1235 2351 speciem
1260 2297 1545 2351 praeferentis,

194 2360 367 2413 legatos.
405 2366 445 2399 et
465 2360 617 2413 legatio
632 2359 893 2399 Rhodiorum
910 2358 1111 2414 [Romae]
1129 2367 1216 2400 erat
1237 2358 1347 2414 hac[
1352 2391 1462 2400 ......
1475 2359 1544 2415 ac]

195 2422 300 2461 falsa
333 2421 601 2461 simulaturus
631 2422 843 2476 princeps,
880 2421 992 2462 haud
1025 2422 1175 2462 dubius
1208 2422 1309 2474 quin
1334 2421 1546 2464 Eumenes

196 2484 405 2524 civitatem
437 2498 604 2536 quoque
635 2499 756 2524 suam
780 2484 925 2525 Persei
950 2484 1193 2525 criminibus
1218 2484 1433 2525 iunxisset.
1469 2485 1546 2525 ita-

196 2560 276 2598 que
315 2546 427 2586 omni
467 2546 592 2586 modo
628 2561 702 2600 per
743 2555 940 2601 patronos
983 2546 1251 2601 hospitesque
1288 2546 1545 2601 disceptandi

198 2622 291 2648 cuni
317 2623 414 2662 rege
446 2609 582 2649 10011111
616 2609 658 2648 in
684 2616 830 2650 senatu
855 2609 1094 2662 quaerebat.
1156 2608 1267 2662 quod
1299 2623 1393 2649 cum
1421 2606 1545 2664 [non]

1567 449 1605 476 10

1570 697 1603 723 11

1571 1501 1588 1529 ἰῦ

1571 2369 1589 2398 6

1574 2494 1588 2521 7

1572 2621 1591 2649 ,0,
