1804 2926
454 151 604 186 LIBER
628 149 874 192 XXXXIIH,
901 149 954 182 34.
975 149 1029 182 35.
1057 150 1106 191 [a.
1121 146 1160 181 C.
1176 148 1255 190 168]
1377 160 1380 161 ν
1455 139 1534 179 139

184 260 257 302 sed
293 272 430 300 rerum
466 269 662 309 praesens
700 253 871 294 effectus
910 261 1009 293 erat.
1069 252 1277 292 nemiuem
1311 251 1405 292 totis
1438 266 1534 291 mox

184 320 327 363 eastris
361 318 547 371 quietum
580 315 740 356 videres
751 331 761 363 3
799 329 947 355 acuere
981 313 1049 353 alii
1079 314 1260 368 gladios,
1298 314 1367 354 alii
1391 315 1533 368 galeas

184 381 479 433 bucculasque,
506 385 717 418 scutorum
744 375 834 431 [alii
860 408 869 416 .
886 407 895 416 .
912 374 963 430 .],
991 375 1058 415 alii
1083 376 1231 416 loricas
1257 383 1438 430 tergere,
1466 376 1535 416 alii

183 452 323 499 aptare
343 440 504 494 corpori
527 455 654 487 arma,
676 438 937 493 experirique
961 438 1038 478 sub
1059 437 1120 478 his
1144 438 1424 478 membrorum
1446 438 1534 492 agi-

181 507 352 553 litatem,
379 510 550 556 quatere
571 501 640 542 alii
660 501 756 555 pila,
778 501 845 541 alii
865 501 1018 541 micare
1038 501 1188 554 gladiis
1210 514 1535 552 mucronemque

181 567 350 615 intueri,
387 572 434 606 ut
463 563 584 604 facile
616 563 709 616 quis
742 570 947 611 cerneret,
979 562 1053 602 ubi
1082 562 1263 616 primum
1289 561 1534 603 conserendi

182 644 352 670 manum
377 642 472 668 cum
492 626 609 666 hoste
631 625 728 665 data
749 625 911 665 occasio
932 632 1053 673 esset,
1081 632 1150 665 aut
1170 624 1343 665 victoria
1363 624 1534 678 egregia

181 698 250 732 aut
275 696 407 731 morte
432 687 693 729 memorabili
717 687 906 727 finituros
939 687 1108 728 bellum.
1158 687 1339 728 Perseus
1365 701 1532 740 quoque

181 769 275 795 cum
313 752 496 793 adventu
529 750 709 791 consulis
742 750 865 790 simul
903 758 943 791 et
973 750 1082 790 veris
1115 750 1316 804 principio
1349 758 1532 803 strepere

180 816 318 857 omnia
349 814 588 867 moverique
621 820 723 868 aput
754 813 894 854 hostes
925 814 1039 854 velut.
1064 828 1171 853 novo
1197 812 1306 854 bello
1332 820 1531 861 cerneret,

180 886 292 918 mota
313 893 336 917 a
355 876 480 916 Phila
505 883 640 916 castra
664 875 707 915 in
732 875 907 915 adversa
931 875 1021 929 ripa
1046 875 1194 929 posita,
1219 889 1331 915 nunc
1356 875 1408 915 ad
1435 889 1534 914 con-

181 939 419 994 templanda
440 952 567 992 opera
588 953 664 977 sua
685 936 901 978 circumire
923 937 1086 983 ducem,
1112 937 1224 978 haud
1239 937 1364 978 dubie
1385 937 1532 977 transi—

180 1011 246 1042 tus
273 998 579 1055 speculan[tem
606 1031 614 1039 .
632 1030 640 1038 .
658 1030 666 1038 .
693 997 1000 1053 R01na]norum
1026 1015 1129 1040 esse.

265 1062 464 1103 XXXV.
503 1062 625 1113 Quae
651 1077 715 1102 res
730 1061 930 1102 Romanis
957 1062 1072 1102 auxit
1098 1062 1270 1109 animos,
1286 1061 1532 1102 Blacedoni-

179 1127 256 1167 bus
282 1125 454 1179 regique
480 1139 624 1165 eorum
649 1124 751 1164 haut
776 1124 1028 1165 mediocrem
1054 1124 1190 1164 attulit
1217 1132 1428 1164 terrorem.
1492 1131 1531 1164 et

180 1188 313 1242 primo
340 1186 598 1240 supprimere
629 1186 671 1226 in
697 1186 859 1226 occulto
885 1185 1041 1226 famam
1068 1186 1155 1227 eius
1188 1186 1246 1227 rei
1273 1194 1334 1227 est
1360 1193 1532 1226 conatus

179 1249 333 1297 missis,
370 1248 442 1300 qui
475 1248 771 1287 Pantauchum
799 1248 895 1288 inde
931 1248 1163 1288 venientem
1195 1248 1531 1302 adpropinquare

179 1310 324 1352 eastris
355 1316 557 1350 vetarent.
619 1309 692 1349 sed
722 1309 806 1348 iam
838 1317 878 1349 et
909 1309 1028 1362 pueri
1059 1310 1230 1362 quidam
1263 1310 1341 1350 visi
1366 1310 1419 1350 ab
1446 1310 1530 1350 suis

179 1380 296 1414 erant
320 1372 426 1413 inter
451 1371 606 1412 obsidis
629 1371 792 1424 Illyrios
818 1371 932 1411 ducti
941 1388 951 1419 ς
978 1379 1019 1412 et
1043 1386 1125 1425 quo
1146 1386 1337 1424 quaeque
1363 1387 1532 1412 accura-

178 1435 258 1475 tius
285 1434 490 1482 celantur,
528 1447 576 1474 eo
601 1433 764 1473 facilius
796 1433 1048 1486 loquacitate
1080 1433 1291 1487 regiorum
1324 1433 1533 1474 ministro-

178 1512 271 1537 rum
296 1503 504 1536 emanant.

266 1558 356 1600 Sub
393 1557 504 1601 idem
542 1565 705 1613 tempus
738 1557 878 1597 Rhodi
913 1557 1041 1611 legati
1076 1557 1119 1597 in
1155 1564 1291 1598 castra
1327 1565 1532 1598 venerunt

178 1635 272 1662 cum
298 1620 428 1661 isdem
449 1620 500 1660 de
520 1634 623 1673 pace
644 1619 864 1667 mandatis,
891 1634 997 1672 quae
1013 1620 1173 1660 Romae
1192 1619 1406 1673 ingentem
1428 1620 1532 1660 iram

177 1690 340 1737 patrum
367 1682 614 1723 excitavere.
652 1682 782 1722 multo
808 1681 1082 1734 iniquioribus
1108 1681 1256 1721 animis
1283 1697 1307 1722 a
1332 1682 1532 1722 castrensi

177 1744 348 1784 consilio
374 1743 504 1784 auditi
529 1750 636 1783 sunt.
673 1743 816 1796 itaque
842 1757 937 1783 cum
963 1743 1016 1784 ali
1036 1742 1068 1798 [.
1084 1775 1093 1783 .
1110 1774 1119 1783 .
1136 1775 1165 1792 .,
1187 1742 1259 1797 ali]
1283 1743 1531 1798 praecipites

178 1805 264 1846 sine
277 1819 476 1859 responso
492 1805 677 1859 agendos
692 1804 850 1852 castris,
867 1803 995 1859 [ipse]
1010 1805 1295 1859 pronuntiavit
1314 1814 1407 1860 post
1422 1807 1531 1846 diem

178 1866 369 1919 quintum
406 1866 614 1907 decimum
645 1882 687 1907 se
717 1882 964 1920 responsum
995 1867 1202 1907 daturum.
1263 1868 1450 1917 interim,
1487 1878 1531 1910 ut

178 1935 414 1981 appareret,
447 1935 650 1980 quantum
682 1928 990 1981 pacificantium
1014 1929 1276 1969 Rhodiorum
1308 1931 1532 1971 auctoritas

179 1989 390 2036 valuisset,
418 1989 651 2029 consultare
677 1989 728 2030 de
752 1990 910 2030 ratione
936 1990 1033 2030 belli
1058 1991 1231 2044 gerendi
1258 1991 1405 2044 coepit.
1442 1993 1532 2045 pla-

179 2052 299 2092 cebat
326 2051 598 2104 quibusdam,
630 2059 669 2092 et
694 2052 874 2092 maxime
898 2053 1124 2092 maioribus
1157 2060 1277 2101 natu,
1308 2069 1384 2107 per
1408 2054 1531 2108 Elpei

178 2114 311 2167 ripam
331 2113 666 2166 munitionesque
686 2114 770 2153 vim
791 2114 947 2154 facere:
975 2114 1170 2155 confertis
1185 2122 1223 2155 et
1245 2130 1327 2155 uno
1344 2114 1531 2170 [agmine

178 2175 399 2229 impetum]
428 2175 678 2216 facientibus
703 2176 893 2217 resistere
918 2176 1177 2217 Macedonas
1202 2192 1286 2216 non
1310 2192 1451 2231 posse,
1478 2194 1530 2219 ex

179 2246 236 2278 tot
275 2238 452 2278 castellis
490 2238 702 2292 aliquanto
735 2238 949 2279 altioribus
987 2253 1035 2279 ac
1070 2239 1383 2287 munitioribus,
1421 2254 1529 2293 quae

178 2299 325 2340 validis
350 2299 566 2353 praesidiis
598 2300 866 2348 insedissent,
897 2300 1033 2354 priore
1058 2314 1166 2341 anno
1193 2301 1387 2342 deiectos.
1438 2303 1528 2343 aliis

178 2362 371 2416 placebat
396 2361 624 2402 Octavium
655 2376 751 2402 cum
783 2363 914 2403 classe
946 2363 1288 2404 Thessalonicam
1318 2372 1458 2418 petere
1489 2373 1529 2406 et

179 2423 446 2477 populatione
471 2424 717 2465 maritumae
743 2438 839 2465 orae
865 2424 1109 2479 distringere
1135 2425 1275 2479 copias
1294 2426 1452 2480 regiaS,
1485 2435 1529 2468 ut

180 2487 308 2527 altero
333 2487 386 2526 ab
416 2494 534 2541 tergo
560 2502 603 2528 se
629 2488 871 2528 ostendente
903 2488 1010 2528 bello
1037 2488 1313 2529 circumactus
1339 2489 1392 2529 ad
1423 2489 1528 2532 inte-

179 2549 327 2589 riorem
352 2556 513 2602 partem
540 2549 657 2603 regni
683 2550 881 2590 tuendam
900 2549 1058 2591 nudare
1078 2550 1217 2603 aliqua
1241 2559 1358 2606 parte
1380 2553 1527 2593 transi—

179 2619 245 2651 tus
270 2611 393 2666 Elpei
418 2618 647 2666 cogeretur.
685 2611 763 2665 ipsi
788 2622 935 2652 natura
961 2619 1000 2654 et
1031 2613 1226 2666 operibus
1257 2613 1526 2668 inexsupera-

1561 266 1579 293 S

1560 575 1577 604 9

1562 700 1600 729 10

1558 1136 1575 1163 Νι

1553 2317 1572 2345 OE

1551 2630 1568 2656 ἶ)
