1804 2926
497 156 649 192 LIBER
673 155 875 199 XXXXII,
901 155 957 189 47.
976 155 1030 189 48.
1059 156 1108 199 [a.
1123 153 1163 189 e.
1178 155 1258 199 171]
1503 147 1554 187 67

203 264 317 320 pacis
330 276 442 316 rege.
480 260 585 301 adeo
604 258 715 301 enim
735 257 1006 313 apparatibus
1026 257 1125 299 belli
1145 257 1274 301 fuisse
1292 258 1555 309 instructum,

201 325 301 381 ipsis
325 324 441 365 nulla
464 329 611 378 parata
635 337 692 371 re,
718 329 764 362 ut
789 321 930 362 onmia
955 328 1190 375 opportuna
1213 321 1306 362 loca
1329 336 1556 376 praeoccu-

200 386 291 442 pari
321 393 416 427 ante
449 386 502 426 ab
534 399 583 426 eo
618 383 829 438 potuerint
857 397 986 437 quam
1016 383 1221 424 exercitus
1256 383 1299 424 in
1332 382 1556 426 Graeciam

200 448 455 490 traiceretur.
494 446 628 502 spatio
655 453 795 487 autem
819 445 1077 486 indutiarum
1103 453 1269 500 sumpto
1294 445 1388 500 [ad]
1409 461 1556 488 aecum

201 509 328 567 [rem]
344 517 583 552 venturam:
608 509 726 550 illum
750 508 879 549 nihilo
899 508 1164 562 paratiorem,
1189 508 1403 549 Romanos
1424 509 1557 550 omni-

201 574 278 615 bus
315 572 598 614 instructiores
635 571 762 612 rebus
799 581 1020 625 coepturos
1057 570 1227 611 bellum.
1298 571 1555 612 Boeotorum

200 649 368 690 quoque
394 649 437 675 se
457 633 678 676 concilium
698 640 786 674 arte
807 632 1061 682 distraxisse,
1085 648 1138 674 ne
1160 633 1358 688 coniungi
1377 633 1556 689 amplius

199 697 284 739 ullo
322 711 528 738 consensu
563 695 872 736 Macedonibus
908 702 1091 749 possent.
1162 695 1266 737 haec
1310 703 1356 737 ut
1392 711 1556 737 summa

199 759 358 800 ratione
384 766 477 800 aeta
500 773 655 813 magna
684 772 781 812 pars
812 766 981 799 senatus
1013 757 1290 812 adprobabat3
1328 766 1489 800 veteres
1515 768 1556 800 et

199 821 325 862 moris
351 820 512 874 antiqui
542 834 747 862 memores
772 820 985 874 negabant
1015 834 1059 860 se
1090 819 1133 860 in
1158 835 1207 861 ea
1237 820 1445 875 legatione
1470 820 1555 862 Ro-

199 898 344 925 manas
382 897 610 937 agnoscere
648 889 776 923 artes:
826 896 910 924 non
945 897 1020 937 per
1059 881 1231 923 insidias
1269 891 1310 924 et
1351 892 1555 924 nocturna

200 945 359 1000 proelia
382 959 460 986 nec
486 944 724 984 simulatam
749 943 894 998 fugam
919 943 1237 998 inprovisosque
1263 944 1317 985 ad
1340 944 1556 985 incautum

199 1008 362 1048 hostem
386 1006 544 1048 reditus
568 1021 646 1047 nec
671 1014 717 1047 ut
743 1014 836 1047 astu
862 1006 997 1061 magis
1018 1020 1145 1060 quam
1164 1021 1263 1048 vera
1287 1007 1440 1049 virtute
1465 1008 1556 1062 glo-

198 1069 423 1117 riarentur,
460 1069 570 1109 bella
605 1068 783 1109 maiores
813 1068 993 1123 gessisse
1004 1084 1014 1117 3
1057 1068 1239 1110 indicere
1276 1069 1391 1123 prius
1428 1083 1555 1123 quam

198 1146 344 1185 gerere
359 1131 499 1172 solitos
521 1131 642 1179 bella,
663 1130 908 1171 denuntiare
924 1129 1119 1185 [proelia]
1136 1131 1358 1179 interdum,
1374 1130 1553 1187 [locum]

198 1193 336 1242 finire,
373 1193 416 1236 in
448 1207 530 1246 quo
563 1191 800 1233 dimicaturi
830 1202 980 1233 essent.
1042 1193 1188 1234 eadem
1214 1193 1296 1234 fide
1321 1193 1553 1235 indicatum

196 1254 364 1309 Pyrrho
389 1254 479 1309 regi
503 1254 713 1295 medicum
732 1254 842 1295 vitae
862 1255 951 1296 eius
975 1254 1254 1304 insidiantem,
1274 1255 1421 1297 eadem
1441 1256 1554 1296 Fali-

199 1317 279 1357 scis
311 1316 497 1357 vinctum
528 1316 726 1356 traditum
756 1316 1011 1370 proditorem
1041 1316 1280 1358 liberorum.
1341 1318 1553 1372 religionis

198 1378 302 1419 haec
328 1378 545 1419 Romanae
571 1392 681 1427 esse,
718 1392 801 1418 non
832 1377 1111 1418 versutiarum
1135 1378 1395 1420 Punicarum
1419 1395 1555 1434 neque

198 1439 434 1480 calliditatis
461 1438 669 1488 Graecae,
707 1446 808 1494 aput
836 1438 977 1494 [quos]
1006 1440 1150 1481 fallere
1174 1440 1338 1482 hostem
1363 1455 1490 1494 quam
1516 1442 1556 1482 vi

199 1517 395 1556 superare
421 1502 642 1556 gloriosius
667 1501 805 1543 fuerit.
865 1502 1075 1543 interdum
1100 1502 1143 1543 in
1166 1518 1364 1557 praesens
1389 1512 1553 1558 tempus

198 1564 291 1618 plus
316 1564 462 1618 profici
487 1564 582 1606 dolo
608 1579 735 1617 quam
760 1563 931 1613 virtut03
958 1565 1033 1605 sed
1058 1565 1146 1605 eius
1173 1565 1343 1606 demum
1367 1566 1554 1606 animum

197 1626 241 1666 in
265 1634 515 1680 perpetuum
539 1626 669 1674 vinci,
703 1625 771 1667 cui
796 1626 1001 1667 confessio
1027 1641 1225 1682 expressa
1250 1628 1321 1676 sit,
1348 1643 1392 1669 se
1417 1642 1555 1682 neque

198 1696 285 1728 arte
310 1702 446 1741 neque
472 1703 585 1737 casu,
611 1688 685 1729 sed
711 1689 883 1729 conlatis
909 1689 1142 1730 comminus
1167 1689 1345 1739 viribus,
1371 1690 1481 1731 iusto
1507 1704 1556 1731 ac

198 1750 267 1804 pio
294 1766 384 1792 esse
410 1751 519 1792 bello
546 1759 801 1806 superatum.
844 1752 949 1793 hacc
975 1751 1170 1800 seniores,
1197 1753 1350 1806 quibus
1374 1767 1484 1794 nova
1508 1767 1556 1793 ac

197 1812 320 1853 nimis
347 1811 378 1867 [.
394 1844 404 1853 .
429 1812 588 1867 minus]
614 1814 807 1868 placebat
832 1814 1057 1868 sapientia3
1089 1814 1190 1855 vicit
1221 1822 1361 1856 tamen
1386 1830 1435 1856 ea
1460 1830 1556 1869 pars

200 1884 380 1921 senatus,
408 1875 474 1914 cui
498 1875 634 1928 potior
657 1875 768 1916 utilis
795 1890 922 1928 quam
946 1876 1110 1917 honesti
1135 1891 1235 1918 cura
1260 1884 1361 1925 erat,
1387 1884 1434 1918 ut
1459 1891 1558 1917 eon-

198 1935 446 1989 probaretur
470 1936 582 1990 prior
606 1937 759 1990 legatio
784 1937 922 1978 BIarci
947 1945 987 1978 et
1012 1938 1160 1979 eodem
1184 1953 1328 1979 rursus
1352 1939 1395 1978 in
1422 1937 1556 1979 Grac-

199 1996 307 2036 ciam
332 2011 428 2036 cum
453 1997 824 2050 quinqueremibus
856 1999 1136 2040 remitteretur
1166 2000 1463 2052 iubereturque
1489 2014 1556 2041 ce-

199 2066 287 2098 tera
306 2058 367 2098 uti
382 2073 403 2099 e
417 2073 460 2098 re
478 2059 646 2112 publica
666 2060 847 2101 maxime
866 2060 1003 2100 visum
1019 2069 1125 2101 esset
1141 2076 1279 2115 agere.
1316 2061 1372 2101 A.
1387 2075 1555 2114 quoque

199 2119 379 2160 Atilium
409 2119 613 2161 miserunt
643 2120 697 2161 ad
727 2122 1017 2176 occupandam
1041 2122 1236 2163 Larisam
1267 2123 1310 2163 in
1335 2122 1555 2164 Thessalia

199 2181 411 2230 timentes,
447 2197 518 2230 ne,
562 2182 596 2222 si
631 2182 886 2224 indutiarum
923 2183 1010 2224 dies
1048 2184 1221 2233 exisset,
1262 2185 1469 2239 praesidio
1507 2200 1554 2226 eo

200 2243 325 2284 misso
359 2252 484 2298 caput
511 2243 755 2286 Thessaliae
781 2245 823 2286 in
848 2253 1054 2299 potestate
1085 2246 1259 2287 haberet
1286 2245 1412 2301 [rex]
1473 2247 1554 2288 duo

200 2305 313 2345 milia
348 2306 536 2359 peditum
561 2306 717 2347 Atilius
749 2307 802 2348 ab
829 2306 908 2348 Cn.
937 2307 1093 2349 Sicinio
1125 2323 1337 2350 accersere
1371 2309 1424 2349 ad
1462 2325 1555 2350 eam

201 2382 288 2408 rem
313 2368 520 2421 agendam
544 2367 694 2409 iussus.
756 2376 796 2410 et
820 2369 870 2410 P.
896 2370 1101 2418 Lentulo,
1128 2370 1199 2423 qui
1224 2385 1275 2411 ex
1301 2370 1466 2412 Achaia
1490 2386 1555 2412 re-

201 2429 345 2478 dierat,
372 2429 545 2470 trecenti
564 2430 714 2472 milites
728 2431 867 2472 Italici
890 2431 1054 2486 generis
1075 2432 1172 2481 dati,
1198 2441 1244 2474 ut
1257 2432 1415 2474 Thebis
1437 2433 1552 2474 daret

200 2505 385 2545 operam,
411 2500 456 2531 ut
481 2492 524 2532 in
548 2500 752 2546 potestate
777 2494 954 2536 Boeotia
979 2502 1100 2535 esset.

283 2552 602 2596 XXXXVHI.
641 2555 721 2597 His
745 2556 1016 2611 praeparatis,
1042 2571 1298 2610 quamquam
1319 2557 1372 2598 ad
1398 2557 1553 2598 bellum

199 2614 372 2656 consilia
402 2624 519 2657 erant
543 2616 768 2668 destinata,
799 2626 990 2660 senatum
1021 2626 1160 2661 tamen
1186 2619 1377 2673 praeberi
1402 2619 1551 2674 legatis

1283 2686 1328 2719 5*

1582 274 1601 304 to

1583 2074 1623 2104 10

1582 2262 1614 2291 11

1583 2385 1622 2414 12
