1804 2926
294 175 375 215 174
608 181 758 215 LIBER
787 181 990 225 xxxxv,
1018 181 1070 214 25.
1100 181 1340 224 [a.u.0.587J

290 301 460 328 eausam
480 299 623 327 eorum
645 285 801 325 adiuvit
817 284 879 325 M.
896 284 1070 325 Porcius
1087 283 1209 333 Cato,
1236 284 1308 338 qui
1334 299 1455 340 asper
1480 286 1648 340 ingenio

245 364 264 393 3
291 356 381 389 tum
405 348 542 388 lenem
567 346 794 400 mitemque
816 355 1049 388 senatorem
1076 347 1174 401 egit.
1210 362 1294 388 non
1319 347 1499 388 inseram
1522 347 1649 389 simu-

290 410 450 451 lacrum
475 409 554 450 viri
573 409 739 463 copiose
763 408 806 448 id
829 409 942 462 quod
962 409 1109 450 dixerit
1136 408 1355 450 referendo
1364 425 1375 458 3
1400 409 1532 464 ipsius
1558 424 1650 450 ora-

246 490 265 517 4
290 472 346 512 tio
373 471 527 526 scripta
551 479 699 518 exstat,
721 469 949 525 Originum
971 471 1116 524 quinto
1136 471 1242 512 libro
1263 471 1437 512 inclusa.
1473 471 1650 513 Rhodiis

290 548 537 589 responsum
556 533 614 574 ita
633 533 844 574 redditum
864 541 938 583 est,
963 542 1009 575 ut
1028 549 1105 575 nec
1124 534 1263 575 hostes
1288 534 1433 575 fierent
1453 548 1531 576 nec
1550 534 1651 575 socii

290 603 595 652 permanerent.
655 595 918 637 Philocrates
951 605 991 637 et
1015 597 1271 650 Astymedes
1303 597 1512 652 principes
1537 597 1652 652 lega-

247 675 265 704 5
291 660 414 701 tionis
441 667 570 701 erant.
613 667 777 713 partem
802 674 899 700 eum
922 658 1162 700 Philocrate
1187 660 1426 700 renuntiare
1452 658 1651 700 Rhodum

291 722 546 777 legationem
576 722 754 776 placuit,
785 728 947 776 partem
980 736 1077 762 eum
1100 722 1336 776 Astymede
1361 714 1529 763 Romae¹
1554 721 1652 762 sub-

293 785 457 833 sistere,
495 799 604 837 quae
638 782 785 838 [quae]
821 792 1047 838 agerentur
1083 784 1206 824 sciret
1245 783 1524 838 certioresque
1555 797 1651 825 suos

249 861 266 889 (5
293 846 461 887 faceret.
498 846 542 886 in
561 846 797 900 praesentia
811 846 1018 887 deducere
1037 852 1133 886 ante
1150 852 1306 886 certam
1328 845 1438 886 diem
1452 860 1504 886 ex
1517 845 1654 900 Lycia

294 908 506 962 Cariaque
537 908 749 949 iusserunt
779 908 1028 962 praefectos.
1088 907 1192 948 haee
1217 907 1416 948 Rhodum
1446 907 1652 956 nuntiata,

293 985 401 1025 quae
425 985 500 1025 per
520 985 564 1011 se
584 970 717 1010 tristia
742 970 933 1019 fuissent,
959 970 1057 1023 quia
1074 969 1242 1010 maioris
1262 969 1361 1009 mali
1385 969 1546 1011 levatus
1567 978 1652 1010 erat

293 1035 429 1083 timor,
456 1049 551 1075 cum
572 1033 731 1075 bellum
751 1033 1000 1082 timuissent,
1025 1033 1069 1073 in
1089 1032 1294 1087 gaudium
1312 1040 1539 1074 verterunt.
1577 1032 1655 1074 ita-

293 1113 375 1152 que
400 1097 610 1152 extemplo
637 1111 834 1138 coronam
859 1096 1008 1150 viginti
1032 1095 1195 1136 milium
1215 1109 1437 1136 aureorum
1459 1095 1655 1137 decreve-

293 1168 402 1201 runt.
451 1159 731 1200 Theaetetum
755 1158 1016 1214 praefectum
1043 1157 1185 1198 classis
1215 1157 1259 1198 in
1284 1172 1377 1198 eam
1401 1157 1653 1212 legationem

294 1223 508 1264 miserunt.
570 1221 812 1263 societatem
843 1221 896 1263 ab
922 1221 1125 1262 Romanis
1155 1221 1214 1261 ita
1238 1219 1437 1261 volebant
1466 1220 1572 1275 peti,
1609 1230 1657 1261 ut

293 1286 456 1326 nullum
476 1285 527 1327 de
553 1300 603 1326 ea
622 1300 666 1326 re
687 1285 838 1326 scitum
863 1284 1008 1340 populi
1033 1283 1150 1325 fieret
1171 1291 1242 1324 aut
1265 1282 1412 1324 litteris
1437 1283 1657 1324 mandare-

295 1356 375 1396 tur,
390 1347 503 1401 quod
521 1347 601 1388 nisi
620 1347 905 1402 impetrarent,
920 1346 1053 1387 maior
1066 1362 1090 1387 a
1103 1346 1270 1400 repulsa
1289 1345 1521 1401 ignominia
1534 1353 1655 1387 esset.

251 1423 269 1453 8
295 1410 497 1464 praefecti
522 1409 665 1451 classis
690 1410 733 1450 id
758 1409 881 1450 unius
907 1416 995 1450 erat
1018 1409 1098 1458 ius,
1124 1417 1170 1449 ut
1195 1423 1321 1463 agere
1346 1408 1397 1450 de
1423 1423 1473 1449 ea
1497 1423 1542 1449 re
1567 1408 1656 1449 sine

252 1488 270 1516 9
296 1472 513 1526 rogatione
538 1472 624 1512 ulla
654 1472 816 1526 perlata
845 1479 1000 1522 posset.
1060 1486 1158 1511 nam
1183 1471 1241 1511 ita
1265 1485 1341 1525 per
1370 1477 1430 1511 tot
1457 1484 1587 1511 annos
1612 1470 1655 1511 ‘m

296 1535 480 1575 amicitia
504 1534 689 1582 fuerant,
721 1541 767 1574 ut
792 1533 935 1574 sociali
959 1533 1128 1574 foedere
1154 1548 1198 1574 se
1224 1547 1319 1574 cum
1345 1532 1547 1574 Romanis
1571 1547 1656 1573 non

297 1596 538 1651 infigar-ent,
565 1596 618 1636 ob
643 1595 803 1636 nullam
829 1595 953 1636 aliam
979 1610 1149 1636 eausam
1174 1609 1302 1648 quam
1328 1609 1380 1635 ne
1405 1608 1523 1648 spem
1547 1594 1657 1649 regi-

298 1659 376 1699 bus
409 1658 673 1699 absciderent
698 1657 842 1698 auxilii
868 1657 953 1706 sui,
985 1657 1019 1698 si
1046 1656 1147 1710 quid
1178 1671 1283 1711 opus
1310 1664 1439 1705 esset,
1470 1671 1553 1698 neu
1579 1656 1657 1697 sibi

298 1721 399 1776 ipsis
424 1721 585 1762 fructus
607 1736 659 1762 ex
682 1720 943 1775 benignitate
964 1726 1004 1761 et
1028 1719 1198 1760 fortuna
1217 1733 1362 1760 eorum
1386 1719 1656 1774 percipiendi.

234 1799 274 1828 10
299 1792 398 1824 tunc
417 1783 562 1836 utique
587 1782 770 1837 petenda
790 1782 965 1822 societas
987 1781 1220 1830 videbatur,
1245 1795 1330 1821 non
1349 1795 1458 1834 quae
1484 1781 1658 1822 tutiores

299 1860 369 1887 eos
388 1845 441 1886 ab
461 1845 552 1886 aliis
573 1844 729 1886 faceret
743 1868 799 1873 —
812 1858 889 1884 nec
909 1843 1020 1884 enim
1041 1843 1242 1883 timebant
1263 1857 1519 1896 quemquam
1539 1858 1659 1898 prae-

299 1915 362 1949 ter
375 1907 590 1948 Romanos
605 1930 661 1935 —-
698 1906 771 1947 sed
797 1920 904 1959 quae
929 1905 1029 1960 ipsis
1045 1905 1246 1946 Romanis
1271 1905 1408 1945 minus
1429 1913 1658 1960 suspectos.

234 1985 272 2014 11
300 1970 379 2011 sub
403 1969 515 2010 idem
540 1969 628 2010 fere
659 1976 825 2023 tempus
852 1975 893 2009 et
919 1966 1057 2008 Cauni
1082 1967 1295 2009 descivere
1321 1968 1375 2008 ab
1405 1967 1470 2008 his
1495 1976 1537 2009 et
1560 1968 1660 2023 My-

235 2047 273 2076 12
298 2033 483 2074 lasenses
508 2031 834 2072 Euromensium
861 2030 1016 2085 oppida
1041 2038 1312 2085 occuparunt.
1348 2044 1433 2070 non
1456 2030 1515 2071 ita
1539 2030 1661 2072 fracti

302 2094 430 2136 animi
455 2094 633 2135 civitatis
659 2100 795 2142 erant,
821 2100 868 2133 ut
891 2107 976 2133 non
1001 2092 1222 2141 sentirent,
1248 2092 1283 2133 si
1306 2091 1443 2146 Lycia
1468 2100 1509 2134 et
1535 2090 1662 2133 Caria

301 2159 522 2213 ademptae
548 2158 603 2199 ab
626 2157 829 2198 Romanis
855 2156 1011 2204 forent,
1044 2163 1181 2197 cetera
1206 2163 1279 2196 aut
1303 2170 1348 2196 se
1372 2156 1464 2210 ipsa
1488 2170 1564 2210 per
1589 2155 1660 2197 de-

301 2221 526 2263 fectionem
549 2221 776 2262 liberarent
795 2228 868 2261 aut
888 2236 912 2260 a
936 2219 1138 2260 finitumis
1159 2227 1477 2274 occuparentur,
1502 2219 1661 2260 includi

303 2300 347 2325 se
377 2284 539 2325 insulae
569 2299 726 2338 parvae
759 2290 800 2324 et
825 2282 974 2324 sterilis
1001 2282 1093 2337 agri
1121 2282 1334 2330 litoribus,
1371 2295 1479 2335 quae
1503 2296 1662 2335 nequa-

240 2358 278 2387 13
303 2360 431 2399 quam
463 2346 573 2386 alere
604 2354 744 2387 tantae
776 2345 891 2386 urbis
921 2345 1126 2400 populum
1156 2352 1310 2398 posset.
1378 2344 1506 2385 missa
1534 2343 1662 2399 igitur

304 2407 521 2447 iuventute
552 2422 728 2461 propere
760 2414 800 2449 ct
832 2404 1037 2455 Caunios,
1073 2420 1331 2460 quamquam
1363 2403 1661 2460 Cibyratarum

305 2468 538 2509 asciverant
569 2468 743 2519 auxilia,
782 2477 1008 2524 coegerunt
1038 2469 1214 2523 imperio
1250 2483 1417 2523 parere,
1456 2476 1497 2509 et
1519 2467 1662 2522 Myla-

306 2529 437 2571 sensis
468 2530 883 2584 Alabandensisque,
927 2532 999 2585 qui
1039 2531 1367 2572 Euromensium
1405 2530 1660 2585 provinciam

307 2593 551 2646 ademptum
577 2599 616 2633 et
640 2592 719 2646 ipsi
745 2593 965 2634 coniuncto
992 2593 1177 2635 exercitu
1202 2600 1417 2641 venerant,
1443 2592 1552 2634 circa
1577 2589 1660 2632 Or-

308 2654 486 2695 thosiam
512 2654 600 2695 aeie
625 2655 825 2695 vicerunt.

250 1049 266 1078 *l
