1804 2926
488 168 639 203 LIBER
664 166 872 211 xxxxn,
899 167 954 201 58.
983 164 1181 210 [a.c.171]
1460 156 1510 197 77

242 273 408 316 LVIII.
444 272 679 325 Postquam
708 270 922 324 inceptum
951 284 1036 310 non
1068 269 1339 319 succedebat,
1377 276 1512 311 castra
1540 283 1555 312 1

158 335 327 390 propius
358 334 520 375 hostem
551 333 680 374 movit
710 347 784 373 rex
816 339 855 373 et
882 347 905 372 a
931 332 1116 386 quinque
1140 332 1309 373 milibus
1342 335 1513 386 passum

159 396 414 438 communiit.
452 396 547 436 inde
567 396 660 436 luce
680 395 815 449 prima
833 395 980 435 eodem
1000 408 1083 448 quo
1104 395 1263 436 solebat
1281 395 1372 435 loco
1397 393 1514 449 pedi·
1540 408 1558 436 ‘2

158 467 248 500 tum
261 458 348 500 acie
368 458 570 499 instructa
584 457 816 510 equitatum
837 470 1005 497 omnem
1026 458 1245 510 levemque
1260 465 1514 497 armaturam

160 521 213 562 ad
238 529 373 562 castra
398 520 581 560 hostium
602 519 727 559 ducit.
766 518 879 559 visus
901 528 941 559 et
965 519 1169 574 plurimus
1191 527 1229 560 et
1256 518 1425 574 propior
1449 532 1515 558 so-
1541 531 1559 559 3

158 583 231 623 lito
245 582 382 636 pulvis
398 581 721 636 trepidationem
742 581 784 621 in
806 581 950 621 castris
966 581 1167 622 Romanis
1188 581 1299 622 fecit.
1327 590 1365 621 et
1380 579 1514 634 primo

159 645 230 685 vix
249 644 451 685 creditum
471 643 681 684 nuntianti
701 650 775 692 est,
797 643 895 696 quia
914 643 1120 698 prioribus
1142 643 1347 684 continuis
1368 642 1515 684 diebus

159 720 389 759 numquam
421 714 517 747 ante
551 705 697 746 horam
730 714 922 761 quartam
959 705 1088 746 hostis
1121 712 1390 760 apparuerat,
1427 712 1516 744 tum

160 768 257 809 solis
283 776 396 808 ortus
428 776 528 809 erat.
593 768 743 809 deinde
776 776 822 808 ut
853 768 1036 822 plurium
1062 768 1242 808 clamore
1268 776 1308 808 et
1339 781 1463 807 cursu
1493 781 1518 806 a
1542 775 1562 803 4

159 830 289 885 portis
311 830 515 870 dubitatio
531 838 723 884 exempta
739 839 813 878 cst,
837 831 1039 870 tumultus
1060 830 1207 884 ingens
1222 829 1421 870 oboritur.
1447 829 1518 869 tri-

160 893 263 933 buni
287 892 573 946 praefectique
599 900 638 934 et
665 892 927 933 centuriones
953 892 996 932 in
1021 892 1295 946 praetorium,
1321 891 1439 932 miles
1465 891 1518 931 ad

162 970 238 996 sua
262 955 438 1008 quisque
464 955 641 996 tentoria
667 955 873 995 discurrit.
922 954 1060 995 minus
1086 955 1337 1009 quingentos
1368 969 1516 1009 passus
1543 962 1562 991 5

162 1033 187 1058 a
218 1017 328 1057 vallo
359 1017 613 1058 instruxerat
637 1017 818 1057 Perseus
857 1031 952 1058 suos
985 1017 1095 1058 circa
1127 1017 1353 1064 tumulum,
1393 1030 1519 1070 quem

163 1078 415 1120 Callicinum
441 1088 605 1120 vocant.
653 1080 773 1120 laevo
798 1093 927 1120 cornu
954 1078 1086 1133 Cotys
1111 1095 1185 1120 rex
1209 1086 1399 1134 praeerat
1424 1092 1519 1119 cum
1546 1085 1563 1115 6

162 1141 355 1181 omnibus
380 1156 480 1181 suae
506 1141 663 1195 gentis3
690 1141 876 1195 equitum
903 1141 1068 1182 ordines
1093 1141 1197 1181 levis
1224 1148 1434 1182 armatura
1457 1139 1521 1179 in-

161 1203 361 1256 terposita
387 1202 684 1256 distinguebat.
723 1203 766 1242 in
792 1202 939 1243 dextro
965 1217 1094 1242 cornu
1120 1202 1378 1243 Macedones
1403 1208 1518 1242 erant

163 1265 336 1318 equites,
363 1264 589 1305 intermixti
614 1264 760 1304 turmis
786 1279 929 1304 eorum
947 1262 1189 1312 Cretenses;
1215 1264 1312 1304 huic
1338 1272 1520 1304 armatu-

162 1342 233 1367 rae
264 1326 416 1366 Midon
440 1326 700 1374 Beroeaeus,
738 1326 947 1379 equitibus
981 1333 1019 1367 et
1053 1342 1241 1367 summae
1271 1327 1399 1380 partis
1430 1326 1519 1366 eius

162 1389 293 1429 BIeno
302 1388 603 1442 Antigonensis
617 1396 821 1442 praeerat.
847 1388 1026 1442 proximi
1041 1388 1235 1428 cornibus
1251 1388 1518 1428 constiterant
1546 1398 1564 1428 8

162 1452 252 1505 regi
284 1450 442 1503 equites
470 1458 511 1491 et
537 1450 716 1490 mixtum
744 1465 898 1505 genus,
937 1451 1098 1491 delecta
1122 1450 1305 1504 plurium
1330 1450 1520 1504 gentium

163 1512 337 1560 auxilia3
363 1511 579 1553 Patrocles
599 1512 898 1566 Antigonensis
919 1511 985 1552 hic
1000 1520 1039 1552 et
1052 1512 1265 1552 Paeoniae
1284 1511 1520 1566 praefectus

163 1573 298 1614 Didas
325 1582 442 1614 erant
472 1575 712 1629 praepositi.
773 1574 935 1615 medius
961 1575 1147 1615 omnium
1172 1589 1245 1615 rex
1271 1582 1377 1623 erat,
1411 1574 1519 1614 circa
1548 1586 1565 1615 9

165 1651 261 1677 eum
286 1651 436 1690 agema
460 1637 574 1689 quod
599 1643 770 1685 vocant,
803 1637 1073 1690 equitumque
1106 1651 1248 1677 sacrae
1273 1637 1376 1678 alae.
1426 1644 1521 1677 ante
1550 1648 1590 1677 10

165 1713 209 1739 se
253 1698 396 1739 statuit
438 1698 672 1740 funditores
715 1699 1067 1752 iaculatoresque,
1118 1699 1522 1753 quadringentorum

165 1775 313 1800 manus
351 1768 529 1814 utraque
561 1776 784 1802 numerum
822 1762 1016 1815 explebat
1027 1777 1037 1809 3
1077 1760 1316 1802 Stratonem
1341 1760 1523 1801 Thessa-

165 1822 419 1863 lonicensem
445 1830 484 1863 et
510 1823 748 1864 Artemona
773 1822 986 1877 Dolopem
1011 1823 1059 1863 iis
1086 1823 1300 1877 praefecit.
1351 1823 1409 1863 sic
1433 1824 1523 1876 regi

168 1884 449 1924 constiterant.
510 1885 655 1925 consul
680 1885 787 1925 intra
812 1886 969 1925 vallum
993 1885 1182 1939 peditum
1207 1885 1296 1926 acie
1321 1885 1523 1925 instructa
1552 1897 1588 1924 11

169 1953 209 1986 et
234 1945 322 1999 ipse
348 1945 580 1998 equitatum
606 1961 773 1987 omnem
799 1961 894 1986 cum
918 1947 1001 1987 levi
1026 1955 1238 1987 armatura
1263 1946 1411 1988 emisit.
1448 1960 1523 2000 pro
1552 1960 1590 1987 12

169 2007 278 2047 vallo
303 2006 494 2047 instructi
520 2014 627 2047 sunt.
666 2007 811 2048 dextro
835 2022 964 2048 cornu
989 2008 1251 2062 praepositus
1268 2006 1317 2048 C.
1334 2007 1523 2047 Licinius

172 2067 352 2109 Crassus
379 2069 560 2109 consulis
585 2068 726 2117 frater,
753 2084 848 2109 cum
871 2070 982 2109 omni
996 2070 1143 2110 Italico
1163 2070 1365 2122 equitatu,
1391 2068 1525 2109 veliti-

171 2131 249 2171 bus
274 2130 542 2179 intermixtis3
576 2131 740 2171 sinistro
765 2130 828 2171 M.
854 2131 1048 2173 Valerius
1075 2130 1290 2171 Laevinus
1317 2130 1525 2171 sociorum

171 2208 223 2233 cx
250 2191 424 2233 Graecis
455 2192 620 2247 populis
653 2193 814 2245 equites
845 2192 1030 2233 habebat
1056 2191 1138 2247 [et]
1173 2192 1359 2233 eiusdem
1389 2192 1525 2247 gentis

171 2255 307 2295 levem
338 2264 604 2295 armaturam.
664 2254 847 2295 mediam
883 2262 1023 2296 autem
1060 2255 1193 2296 aciem
1229 2269 1325 2295 cum
1356 2254 1525 2295 delectis
1553 2268 1592 2296 13

173 2316 382 2369 equitibus
403 2316 738 2357 extraordinariis
760 2317 928 2357 tenebat
943 2316 1127 2369 Quintus
1141 2317 1325 2357 Mucius.
1358 2316 1527 2357 ducenti

174 2377 335 2430 equites
353 2376 465 2417 Galli
491 2386 585 2418 ante
612 2378 732 2432 signa
756 2378 906 2418 horum
928 2378 1119 2419 instructi
1140 2385 1181 2419 et
1200 2378 1251 2418 de
1271 2378 1420 2418 auxihs
1439 2377 1528 2418 Eu-

173 2439 307 2480 menis
333 2437 575 2493 Cyrtiorum
608 2439 744 2494 gentis
776 2440 961 2481 trecenti.
1011 2440 1203 2481 Thessali
1234 2440 1527 2495 quadringenti
1554 2453 1595 2482 14

176 2501 335 2554 equites
361 2516 491 2555 parvo
516 2502 736 2543 intervallo
763 2517 887 2557 super
911 2503 1079 2543 laevum
1105 2516 1234 2543 cornu
1257 2502 1396 2543 locati.
1438 2501 1528 2543 Eu-

176 2578 317 2604 menes
343 2578 417 2604 rex
436 2564 689 2617 Attalusque
710 2579 806 2604 cum
826 2565 938 2605 omni
962 2580 1090 2606 manu
1111 2580 1187 2606 sua
1206 2564 1259 2606 ab
1284 2573 1402 2619 tergo
1421 2563 1528 2605 inter

177 2635 428 2680 postremam
455 2625 587 2666 aciem
613 2641 660 2667 ac
685 2626 842 2667 vallum
867 2634 1080 2668 steterunt.

1547 1275 1562 1303 λΙ
