1804 2926
438 177 589 212 LIBER
614 175 820 219 XXXXH,
847 176 900 209 64.
917 175 970 208 65.
999 174 1102 216 [ac
1121 175 1200 217 171]
1443 165 1497 207 83

147 283 354 337 extemplo
380 280 589 335 capiendj3
627 280 833 333 simulque
864 278 907 318 in
932 279 1060 327 vallo,
1098 279 1152 319 ad
1182 287 1342 333 portas,
1381 279 1497 320 miles

146 347 369 387 instructus
401 349 501 383 erat.
563 341 593 396 [.
609 372 619 381 .
635 372 644 381 .
660 339 692 396 .]
719 348 760 382 et
790 340 1049 381 inconsultae
1075 341 1399 395 oppugnationis
1430 355 1499 382 ca-

147 416 324 448 strorum
348 405 530 445 Perseus
555 412 595 445 et
627 404 836 458 extemplo
862 403 1107 458 circumegit
1131 403 1263 444 aciem
1295 411 1336 444 et
1365 403 1500 459 prima

146 469 444 524 impedimenta
468 467 547 515 ire,
574 467 724 508 deinde
748 466 937 521 peditum
963 467 1082 521 signa
1107 466 1206 507 ferri
1230 467 1362 507 iussit.
1410 466 1499 520 ipse

146 547 241 573 cum
266 530 453 584 equitatu
479 538 519 570 et
542 529 625 570 levi
650 538 860 569 armatura
884 529 1068 570 substitit
1093 530 1146 570 ad
1171 544 1323 584 agmen
1347 543 1500 583 cogen-

147 594 266 642 dum,
297 599 431 640 ratus,
463 591 506 631 id
531 591 644 644 quod
668 590 837 639 accidit,
869 591 1131 632 insecuturos
1157 591 1211 631 ad
1236 598 1421 632 extrema
1447 590 1500 630 ab

145 664 262 710 tergo
288 655 497 709 carpenda
527 653 670 694 hostis.
730 654 857 695 breve
889 662 1098 696 certamen
1128 655 1231 696 levis
1264 662 1499 695 armaturae

145 717 325 758 maxime
346 732 441 757 cum
460 716 822 770 procursatoribus
843 716 939 765 fuit3
967 717 1125 770 equites
1145 717 1390 770 peditesque
1411 716 1499 757 sine

145 780 326 820 tumultu
350 779 394 819 in
418 786 554 820 castra
577 779 801 820 redierunt.

230 841 446 882 Demessis
472 840 583 882 circa
607 841 818 895 segetibus
844 841 1023 882 Romani
1050 841 1103 881 ad
1129 839 1368 890 Crannona,
1392 841 1499 882 inta-

146 914 260 945 ctum
285 919 454 958 agrum,
495 910 631 944 castra
661 910 843 944 movent.
903 903 962 943 ibi
987 918 1083 944 cum
1108 903 1243 944 securi
1268 911 1309 944 et
1332 912 1501 958 propter

145 965 494 1020 longinquitatem
514 971 552 1006 et
573 965 664 1006 viae
685 965 819 1019 inopis
840 979 1043 1018 aquarum
1063 965 1366 1014 difficultatem,
1392 980 1500 1018 quae

146 1028 252 1069 inter
268 1026 493 1068 Sucurium
515 1035 556 1068 et
571 1025 797 1067 Crannona
817 1036 890 1075 est,
917 1027 1066 1068 stativa
1091 1027 1305 1076 haberent,
1330 1036 1500 1081 repente

146 1089 281 1144 prima
311 1089 403 1129 luce
436 1087 519 1143 [in]
556 1088 869 1129 imminentibus
906 1089 1076 1129 tumulis
1115 1089 1324 1142 equitatus
1360 1089 1501 1143 regius

147 1166 242 1192 cum
267 1150 349 1191 levi
368 1162 578 1190 armatura
598 1151 710 1191 visus
732 1150 945 1205 ingentem
967 1152 1192 1191 tumultum
1218 1151 1329 1192 fecit.
1366 1151 1501 1205 pridie

146 1228 221 1267 per
244 1213 460 1253 meridiem
484 1212 660 1267 profecti
685 1213 738 1252 ab
765 1213 943 1253 Sucurio
969 1220 1107 1261 crant3
1134 1212 1323 1267 peditum
1348 1228 1500 1267 agmen

147 1274 225 1315 sub
249 1274 342 1314 luce
364 1274 617 1327 reliquerant
641 1273 682 1313 in
703 1288 907 1328 proxuma
932 1274 1115 1327 planitie.
1155 1274 1264 1315 stetit
1289 1275 1502 1328 paulisper

146 1337 189 1376 in
224 1336 413 1384 tumulis,
450 1335 543 1376 elici
574 1350 697 1389 posse
728 1342 842 1375 ratus
876 1335 928 1375 ad
960 1343 1151 1388 equestre
1182 1345 1393 1376 certamen
1417 1335 1503 1377 Ro-

146 1413 311 1446 manos3
342 1397 384 1437 hi
414 1405 636 1451 postquam
666 1397 769 1437 nihil
794 1397 1040 1445 movebant,
1072 1397 1256 1449 equitem
1281 1397 1406 1437 mittit
1431 1397 1501 1450 qui

145 1459 304 1514 pedites
329 1459 483 1500 referre
514 1459 567 1498 ad
594 1457 820 1499 Sucurium
846 1458 966 1512 signa
991 1458 1172 1506 iuberet,
1203 1459 1292 1512 ipse
1318 1472 1416 1498 mox
1440 1458 1502 1498 in-

146 1528 326 1562 secutus.
397 1520 576 1561 Romani
609 1520 768 1573 equites
806 1520 969 1561 modico
1008 1520 1225 1561 intervallo
1265 1528 1499 1573 sequentes,

146 1582 280 1623 sicubi
311 1597 476 1636 sparsos
503 1597 551 1623 ac
583 1582 804 1637 dissipatos
835 1582 1032 1623 invadere
1058 1590 1247 1637 possent,
1278 1589 1502 1636 postquam

147 1645 353 1685 confertos
379 1645 512 1693 abire,
550 1645 670 1699 signa
701 1653 826 1698 atque
852 1645 1017 1685 ordines
1050 1652 1263 1685 servantes
1295 1644 1502 1692 viderunt,

147 1715 187 1747 et
210 1707 289 1761 ipsi
315 1707 358 1747 in
383 1715 518 1747 castra
542 1707 730 1748 redeunt.

232 1768 377 1810 LXV.
421 1769 526 1810 Inde
562 1769 747 1809 offensus
790 1769 1097 1823 longinquitate
1141 1768 1297 1810 itineris
1340 1783 1414 1808 rex
1450 1768 1503 1808 ad

147 1830 363 1884 B‘Iopsium
395 1839 530 1871 castra
560 1832 708 1879 movit,
751 1839 791 1872 et
821 1831 1001 1872 Romani
1034 1831 1234 1871 demessis
1267 1828 1503 1870 Crannonis

149 1893 359 1946 segetibus
384 1892 428 1932 in
452 1892 771 1933 Phalannaeum
797 1908 945 1946 agrum
972 1900 1200 1934 transeunt.
1244 1893 1303 1932 ibi
1328 1908 1424 1934 cum
1450 1907 1499 1932 ex

149 1954 368 2007 transfuga
387 1962 607 2008 cognosset
630 1970 705 1995 rex
724 1956 811 1995 sine
831 1955 915 1994 ullo
937 1962 1095 1995 armato
1120 1954 1328 2008 praesidio
1348 1954 1502 2008 passim

149 2016 340 2070 vagantis
366 2031 440 2069 per
465 2030 587 2070 agros
613 2016 827 2059 Romanos
852 2027 1026 2063 metere,
1053 2030 1148 2055 cum
1176 2014 1328 2069 [mille]
1355 2015 1503 2067 equiti-

149 2078 247 2126 bus,
279 2077 443 2117 duobus
475 2077 642 2117 milibus
668 2078 881 2117 Thracum
913 2085 953 2118 et
979 2076 1245 2117 Cretensium
1275 2076 1501 2130 profectus,

150 2155 246 2180 cum
271 2146 475 2192 quantum
501 2139 735 2179 adcelerare
761 2146 923 2193 poterat
949 2138 1082 2179 effuso
1109 2138 1275 2192 agmine
1299 2138 1417 2186 isset,
1442 2138 1504 2178 in-

149 2202 315 2256 proviso
342 2201 565 2255 adgressus
591 2210 653 2241 est
678 2201 906 2242 Romanos.
966 2200 1108 2240 iuncta
1132 2199 1341 2247 vehicula,
1368 2200 1503 2254 plera-

149 2278 231 2316 que
268 2270 436 2309 onusta,
472 2263 584 2303 mille
621 2262 847 2303 admodum
884 2262 1123 2316 capiuntur,
1161 2261 1337 2302 sescenti
1374 2261 1504 2302 ferme

151 2324 352 2365 homines.
390 2324 590 2378 praedam
616 2324 932 2364 custodiendam
958 2323 1276 2376 ducendamque
1301 2323 1344 2363 in
1369 2333 1504 2363 castra

151 2387 344 2428 trecentis
366 2385 630 2427 Cretensium
655 2386 785 2426 dedit:
812 2387 899 2440 ipse
925 2394 1118 2427 revocato
1145 2385 1197 2425 ab
1218 2385 1352 2425 effusa
1377 2384 1503 2425 caede

152 2449 290 2502 equite
310 2457 351 2489 et
375 2449 544 2501 reliquis
569 2449 757 2503 peditum
779 2449 893 2489 ducit
912 2449 964 2489 ad
983 2448 1222 2503 proximum
1235 2447 1502 2502 praesidium,

151 2519 265 2553 ratus
290 2511 391 2551 haut
411 2526 564 2565 magno
586 2511 810 2552 certamine
832 2511 1010 2566 opprimi
1034 2525 1169 2565 posse.
1207 2510 1259 2550 L.
1274 2509 1502 2564 Pompeius

151 2573 342 2614 tribunus
362 2573 539 2613 militum
559 2581 760 2627 praeerat,
787 2573 859 2626 qui
879 2573 1092 2628 perculsos
1112 2572 1263 2613 milites
1289 2572 1503 2626 repentino

152 2635 333 2676 hostium
359 2635 540 2677 adventu
565 2636 608 2676 in
632 2636 911 2690 propinquum
937 2635 1143 2676 tumulum
1165 2634 1332 2689 recepit,
1358 2634 1438 2674 loci
1461 2648 1503 2674 se

1234 2701 1276 2733 6*

1526 851 1541 879 *1

1528 1284 1545 1313 9

1530 1531 1567 1560 10

1528 1902 1545 1930 10

1528 2210 1547 2239 3

1529 2335 1548 2362 4

1530 2396 1548 2424 ἶ)

1530 2521 1546 2550 6
