1804 2926
241 132 320 174 IGS
494 140 647 174 LIBER
671 140 875 186 XXXXV,
904 142 956 175 19.
978 142 1032 175 20.
1062 144 1110 184 [a.
1125 151 1158 174 u.
1174 152 1206 175 c.
1220 140 1304 183 587]

238 245 380 286 fuisse.
441 245 514 285 scd
540 244 751 286 enimvero
777 259 873 286 cum
899 245 1155 287 detestabilis
1182 245 1312 286 altera
1336 259 1401 286 res
1427 253 1467 287 et
1499 262 1595 301 pro-

237 307 351 347 xima
375 306 598 361 parricidio
624 307 696 356 sit,
728 307 829 361 quid
854 307 907 348 ad
933 308 1275 349 deliberationem
1309 307 1425 348 dubii
1451 324 1596 364 super-

173 384 211 412 15
238 370 354 410 csse?
384 376 525 409 utrum
547 369 657 410 enim
682 377 844 424 partem
864 371 982 425 regni
1007 371 1235 426 petiturum
1256 385 1360 419 esse,
1386 385 1440 411 an
1459 378 1593 412 totum

237 432 504 486 erepturum?
542 432 576 472 si
607 440 789 486 partcm,
821 434 945 474 ambo
978 434 1164 474 infirmos
1196 433 1403 476 distractis
1434 434 1593 476 viribus

237 501 278 535 et
302 495 495 535 omnibus
520 494 680 535 iniuriis
707 494 996 551 pr0[brisque]
1024 497 1226 537 obnoxios
1252 497 1340 539 fore
1350 513 1360 546 3
1387 498 1421 539 si
1447 505 1594 546 totum,

236 556 501 611 privatumne
528 571 628 611 ergo
649 557 851 598 maiorem
875 559 1061 609 fratrem,
1088 575 1141 600 an
1161 560 1327 601 exulem
1352 561 1422 601 illa
1443 567 1593 607 aetate,

235 619 307 659 illa
331 619 514 673 corporis
534 619 774 661 infirmitate
797 619 907 675 [esse
927 620 1184 676 passurum],
1211 638 1262 662 an
1285 621 1377 677 [ad]
1401 623 1594 663 ultimum

171 694 210 724 16
237 681 342 721 mori
366 681 606 722 iussurum?
643 682 862 737 egregium
888 683 1016 733 enim,
1048 691 1094 724 ut
1126 684 1279 725 fabulis
1311 685 1486 726 traditus
1517 685 1595 725 im-

235 743 400 798 piorum
431 743 607 784 fratrum
640 753 815 785 eventus
840 751 1047 793 taceatur,
1080 746 1226 787 Persei
1257 747 1416 787 exitum
1448 747 1594 794 videri,

235 805 307 858 qui
333 821 383 846 cx
414 806 598 848 fraterna
624 807 751 847 caede
777 814 942 861 raptum
974 808 1167 848 diadema
1191 808 1234 848 in
1260 810 1416 863 templo
1444 808 1595 851 Samo-

235 867 446 915 thracum,
483 869 595 908 velut
628 869 918 922 praesentibus
950 869 1012 909 dis
1038 870 1302 923 exigentibus
1328 885 1504 924 poenas,
1542 871 1595 911 ad

172 942 208 970 17
236 929 364 982 pedes
391 929 558 970 victoris
584 929 715 970 hostis
740 938 973 984 prostratus
998 932 1197 985 posuerit.
1258 946 1329 972 eos
1359 932 1490 987 ipsos,
1523 932 1595 986 qui

235 1006 318 1031 non
342 991 400 1031 illi
426 991 567 1040 amici,
601 992 673 1032 sed
698 991 881 1034 Eumeni
910 993 1051 1034 infesti
1078 994 1292 1035 stimulent
1317 1010 1432 1044 cum,
1462 995 1595 1050 pieta-

234 1063 318 1096 tem
344 1055 706 1109 constantiamque
730 1056 987 1106 laudaturos,
1015 1056 1048 1097 si
1072 1057 1199 1098 fidem
1219 1057 1273 1098 ad
1292 1057 1485 1099 ultimum
1510 1058 1595 1099 fra-

234 1117 285 1158 tri
310 1118 599 1172 praestitisset.

192 1194 207 1222 1
319 1180 428 1221 XX.
465 1181 586 1222 Haec
610 1181 704 1235 plus
729 1181 898 1224 valuere
923 1182 965 1223 in
990 1182 1126 1224 Attali
1152 1182 1304 1224 animo.
1364 1183 1507 1237 itaque
1532 1183 1595 1224 in-

235 1243 452 1284 troductus
483 1243 526 1283 in
558 1250 770 1292 senatum,
801 1245 1035 1299 gratulatus
1067 1245 1283 1286 victoriam
1309 1253 1371 1286 est
1404 1244 1482 1301 [et]
1519 1261 1595 1287 sua

236 1305 385 1346 merita
411 1320 459 1347 eo
485 1305 595 1347 bello
621 1307 860 1360 fratrisque,
886 1308 920 1348 si
945 1322 1030 1361 qua
1055 1315 1186 1357 erant,
1210 1315 1251 1349 et
1277 1307 1498 1349 Gallorum
1523 1308 1596 1350 de-

234 1367 458 1409 sectionem
467 1399 477 1417 ,
503 1383 610 1422 quae
636 1384 769 1423 nuper
792 1369 953 1424 ingenti
977 1377 1094 1410 motu
1118 1370 1230 1411 facta
1255 1378 1356 1420 crat,
1382 1371 1594 1425 exposuit3

190 1444 209 1472 2
234 1430 371 1484 petiit,
402 1438 449 1470 ut
473 1431 634 1485 legatos
660 1432 843 1472 mitteret
867 1432 921 1472 ad
946 1447 1036 1480 eos,
1062 1447 1241 1485 quorum
1266 1433 1513 1474 auctoritate
1539 1433 1592 1473 ab

235 1492 360 1533 armis
381 1500 668 1533 avocarentur.
706 1493 769 1534 his
795 1509 870 1548 pro
889 1494 1008 1549 regni
1033 1495 1210 1536 utilitate
1232 1495 1352 1536 editis
1371 1495 1592 1545 mandatis,

191 1567 209 1596 3
234 1555 406 1595 Aenum
432 1554 510 1595 sibi
536 1562 577 1595 et
600 1555 850 1596 Maroneam
874 1557 1005 1610 petiit.
1042 1557 1100 1597 ita
1119 1557 1317 1598 destituta
1337 1572 1480 1598 eorum
1505 1573 1592 1612 spe,

235 1618 307 1671 qui
331 1618 458 1658 fratre
490 1629 686 1659 accusato
711 1618 976 1672 partitionem
1001 1619 1120 1673 regni
1151 1620 1379 1674 petiturum
1407 1621 1593 1662 credide-

235 1685 347 1727 rant,
385 1679 544 1720 curiam
575 1680 765 1721 excessit.
826 1688 873 1721 ut
902 1696 995 1722 raro
1027 1681 1129 1722 alias
1160 1682 1384 1736 quisquam
1415 1698 1488 1724 rex
1521 1691 1592 1724 aut

236 1742 442 1796 privatus,
474 1750 590 1783 tanto
616 1742 760 1783 favore
786 1749 987 1797 tantoque
1013 1743 1200 1784 omnium
1226 1745 1406 1786 adsensu
1432 1753 1494 1786 est
1519 1760 1593 1786 au-

237 1804 367 1845 ditus:
401 1805 595 1845 omnibus
629 1805 858 1846 honoribus
883 1806 1212 1860 muneribusque
1237 1814 1277 1848 ct
1306 1823 1504 1862 praesens
1531 1815 1591 1849 cst

236 1868 372 1908 cultus
398 1874 438 1909 et
463 1868 795 1922 proficiscentem
820 1869 1031 1922 prosecuti
1056 1876 1165 1910 sunt.

189 1943 208 1971 4
317 1930 434 1971 Inter
453 1931 606 1971 multas
626 1931 757 1972 Asiae
774 1930 1063 1985 Graeciaeque
1082 1932 1312 1986 legationes
1331 1932 1592 1974 Rhodiorum

188 2005 207 2033 5
233 1992 415 2033 maxime
445 1992 574 2047 legati
605 1992 818 2034 civitatem
844 2001 1151 2035 converterunt.
1214 2011 1312 2036 nam
1337 2010 1433 2036 cum
1458 1996 1593 2050 primo

233 2053 276 2094 in
301 2061 417 2095 veste
443 2054 622 2095 candida
646 2055 724 2095 visi
745 2063 896 2105 essent,
922 2056 1036 2110 quod
1061 2064 1102 2098 et
1126 2057 1376 2111 gratulantis
1402 2058 1591 2106 decebat,

234 2123 275 2156 et
296 2116 330 2156 si
350 2116 562 2157 sordidam
577 2125 736 2158 vestem
757 2117 1014 2167 habuissent,
1035 2119 1270 2173 lugentium
1283 2119 1430 2160 Persei
1449 2134 1592 2160 casum

190 2193 207 2220 (3
235 2178 435 2232 praebere
456 2179 638 2233 speciem
657 2176 862 2233 poterant,
882 2188 1106 2234 postquam
1126 2181 1305 2222 consulti
1324 2181 1377 2222 ab
1390 2181 1454 2222 M.
1469 2182 1592 2222 Iunio

235 2241 404 2281 consule
440 2252 580 2295 patres
617 2242 824 2282 stantibus
865 2242 910 2282 in
941 2242 1107 2284 comitio
1143 2243 1311 2298 legatis,
1349 2259 1403 2285 an
1438 2244 1592 2294 locum,

233 2302 363 2342 lautia
388 2311 662 2357 senatumque
688 2305 848 2353 darent,
873 2305 1035 2346 nullum
1059 2305 1265 2360 hospitale
1290 2306 1354 2347 ius
1379 2306 1422 2347 in
1446 2307 1480 2347 is
1502 2322 1592 2348 esse

191 2377 207 2404 7
235 2364 488 2405 servandum
524 2374 794 2424 censuerunt,
839 2381 1031 2421 egressus
1069 2382 1091 2409 e
1128 2368 1245 2409 curia
1287 2369 1451 2417 consul,
1495 2383 1592 2409 cum

236 2424 375 2464 Rhodi
411 2427 667 2479 gratulatum
701 2444 744 2469 se
776 2429 828 2469 dc
860 2430 1033 2471 victoria
1064 2440 1376 2485 purgatumque
1414 2430 1591 2471 civitatis

237 2485 411 2527 crimina
440 2487 623 2529 dicentes
656 2490 820 2531 venisse
844 2492 1065 2545 petissent,
1096 2500 1143 2533 ut
1175 2500 1344 2534 senatus
1369 2492 1447 2533 sibi
1473 2493 1592 2533 darc-

191 2564 211 2591 >3
236 2556 322 2597 tur,
359 2549 619 2602 pronuntiat,
657 2552 779 2591 sociis
809 2560 850 2593 et
887 2554 1030 2595 amieis
1068 2562 1109 2595 ct
1145 2554 1226 2595 alia
1263 2554 1434 2595 comiter
1465 2562 1590 2607 atquc

237 2610 496 2665 hospitaliter
517 2620 729 2667 praestare
744 2615 957 2655 Romanos
973 2624 1009 2657 ct
1026 2624 1218 2658 senatum
1234 2617 1332 2657 darc
1348 2631 1587 2657 consuesse:
