<?xml version="1.0" encoding="UTF-8"?>
<!DOCTYPE html PUBLIC "-//W3C//DTD XHTML 1.0 Transitional//EN"
    "http://www.w3.org/TR/xhtml1/DTD/xhtml1-transitional.dtd">
<html xmlns="http://www.w3.org/1999/xhtml" xml:lang="en" lang="en">
 <head>
  <title>
</title>
<meta http-equiv="Content-Type" content="text/html;charset=utf-8" />
  <meta name='ocr-system' content='tesseract 3.04.00' />
  <meta name='ocr-capabilities' content='ocr_page ocr_carea ocr_par ocr_line ocrx_word'/>
</head>
<body>
  <div class='ocr_page' id='page_1' title='image "./aburbeconditalib04livyuoft_0229.png"; bbox 0 0 1804 2926; ppageno 0'>
   <div class='ocr_carea' id='block_1_1' title="bbox 480 142 1520 198">
    <p class='ocr_par' dir='ltr' id='par_1_1' title="bbox 480 142 1520 198">
     <span class='ocr_line' id='line_1_1' title="bbox 480 142 1520 198; baseline -0.009 -7"><span class='ocrx_word' id='word_1_1' title='bbox 480 156 632 191; x_wconf 83' lang='lat' dir='ltr'>LIBER</span> <span class='ocrx_word' id='word_1_2' title='bbox 656 154 861 198; x_wconf 72' lang='lat' dir='ltr'>XXXXV,</span> <span class='ocrx_word' id='word_1_3' title='bbox 887 154 918 187; x_wconf 72' lang='grc' dir='ltr'>ἴ).</span> <span class='ocrx_word' id='word_1_4' title='bbox 941 154 972 186; x_wconf 74' lang='grc'>6.</span> <span class='ocrx_word' id='word_1_5' title='bbox 1000 152 1104 194; x_wconf 84' lang='lat' dir='ltr'>[a.C.</span> <span class='ocrx_word' id='word_1_6' title='bbox 1121 152 1202 194; x_wconf 73' lang='lat'>168]</span> <span class='ocrx_word' id='word_1_7' title='bbox 1441 142 1520 182; x_wconf 73' lang='grc'>150</span> 
     </span>
    </p>
   </div>
   <div class='ocr_carea' id='block_1_2' title="bbox 172 254 1541 2421">
    <p class='ocr_par' dir='ltr' id='par_1_2' title="bbox 172 254 1538 1987">
     <span class='ocr_line' id='line_1_2' title="bbox 172 254 1522 317; baseline -0.008 -12"><span class='ocrx_word' id='word_1_8' title='bbox 172 274 259 306; x_wconf 83' lang='lat' dir='ltr'>erat</span> <span class='ocrx_word' id='word_1_9' title='bbox 294 261 405 317; x_wconf 83' lang='lat' dir='ltr'>apud</span> <span class='ocrx_word' id='word_1_10' title='bbox 442 275 585 300; x_wconf 86' lang='lat' dir='ltr'>omnes</span> <span class='ocrx_word' id='word_1_11' title='bbox 619 257 823 299; x_wconf 81' lang='lat' dir='ltr'>Graeciae</span> <span class='ocrx_word' id='word_1_12' title='bbox 856 257 1041 298; x_wconf 71' lang='lat' dir='ltr'>civitates</span> <span class='ocrx_word' id='word_1_13' title='bbox 1074 255 1275 296; x_wconf 86' lang='lat' dir='ltr'>Eumenis</span> <span class='ocrx_word' id='word_1_14' title='bbox 1305 254 1416 309; x_wconf 85' lang='lat' dir='ltr'>regis</span> <span class='ocrx_word' id='word_1_15' title='bbox 1448 270 1522 309; x_wconf 85' lang='lat' dir='ltr'>per</span> 
     </span>
     <span class='ocr_line' id='line_1_3' title="bbox 172 317 1522 376; baseline -0.007 -9"><span class='ocrx_word' id='word_1_16' title='bbox 172 325 417 367; x_wconf 87' lang='lat' dir='ltr'>Euandrum</span> <span class='ocrx_word' id='word_1_17' title='bbox 431 321 610 376; x_wconf 77' lang='lat' dir='ltr'>Delphis</span> <span class='ocrx_word' id='word_1_18' title='bbox 632 335 761 374; x_wconf 84' lang='lat' dir='ltr'>prope</span> <span class='ocrx_word' id='word_1_19' title='bbox 780 326 1017 374; x_wconf 86' lang='lat' dir='ltr'>perpetrata</span> <span class='ocrx_word' id='word_1_20' title='bbox 1037 317 1198 359; x_wconf 85' lang='lat' dir='ltr'>caedes.</span> <span class='ocrx_word' id='word_1_21' title='bbox 1236 318 1376 371; x_wconf 89' lang='lat' dir='ltr'>itaque</span> <span class='ocrx_word' id='word_1_22' title='bbox 1401 332 1522 371; x_wconf 87' lang='lat' dir='ltr'>prae-</span> 
     </span>
     <span class='ocr_line' id='line_1_4' title="bbox 172 379 1522 440; baseline -0.007 -12"><span class='ocrx_word' id='word_1_23' title='bbox 172 396 361 440; x_wconf 87' lang='lat' dir='ltr'>terquam</span> <span class='ocrx_word' id='word_1_24' title='bbox 385 384 500 438; x_wconf 84' lang='lat' dir='ltr'>quod</span> <span class='ocrx_word' id='word_1_25' title='bbox 530 384 571 423; x_wconf 91' lang='lat' dir='ltr'>in</span> <span class='ocrx_word' id='word_1_26' title='bbox 597 390 801 437; x_wconf 79' lang='lat' dir='ltr'>potestate</span> <span class='ocrx_word' id='word_1_27' title='bbox 827 382 1113 435; x_wconf 86' lang='lat' dir='ltr'>Romanorum</span> <span class='ocrx_word' id='word_1_28' title='bbox 1139 395 1229 421; x_wconf 87' lang='lat' dir='ltr'>sese</span> <span class='ocrx_word' id='word_1_29' title='bbox 1262 379 1522 431; x_wconf 79' lang='lat' dir='ltr'>insulamque</span> 
     </span>
     <span class='ocr_line' id='line_1_5' title="bbox 172 441 1524 500; baseline -0.007 -11"><span class='ocrx_word' id='word_1_30' title='bbox 172 457 299 489; x_wconf 88' lang='lat' dir='ltr'>totam</span> <span class='ocrx_word' id='word_1_31' title='bbox 325 455 365 488; x_wconf 86' lang='lat' dir='ltr'>et</span> <span class='ocrx_word' id='word_1_32' title='bbox 390 447 591 500; x_wconf 88' lang='lat' dir='ltr'>templum</span> <span class='ocrx_word' id='word_1_33' title='bbox 619 445 842 486; x_wconf 76' lang='lat' dir='ltr'>cernebant</span> <span class='ocrx_word' id='word_1_34' title='bbox 869 459 972 491; x_wconf 83' lang='lat' dir='ltr'>esse,</span> <span class='ocrx_word' id='word_1_35' title='bbox 997 458 1049 484; x_wconf 89' lang='grc'>110</span> <span class='ocrx_word' id='word_1_36' title='bbox 1074 443 1266 483; x_wconf 81' lang='lat' dir='ltr'>inmerito</span> <span class='ocrx_word' id='word_1_37' title='bbox 1285 441 1454 495; x_wconf 89' lang='lat' dir='ltr'>quidem</span> <span class='ocrx_word' id='word_1_38' title='bbox 1475 455 1524 481; x_wconf 89' lang='lat' dir='ltr'>ea</span> 
     </span>
     <span class='ocr_line' id='line_1_6' title="bbox 173 504 1523 564; baseline -0.006 -13"><span class='ocrx_word' id='word_1_39' title='bbox 173 511 251 551; x_wconf 83' lang='lat' dir='ltr'>sibi</span> <span class='ocrx_word' id='word_1_40' title='bbox 276 508 517 564; x_wconf 81' lang='lat' dir='ltr'>exprobrari</span> <span class='ocrx_word' id='word_1_41' title='bbox 542 507 640 556; x_wconf 89' lang='lat' dir='ltr'>rati,</span> <span class='ocrx_word' id='word_1_42' title='bbox 666 507 918 555; x_wconf 80' lang='lat' dir='ltr'>Theondan,</span> <span class='ocrx_word' id='word_1_43' title='bbox 945 506 1017 559; x_wconf 89' lang='lat' dir='ltr'>qui</span> <span class='ocrx_word' id='word_1_44' title='bbox 1043 521 1228 546; x_wconf 87' lang='lat' dir='ltr'>summus</span> <span class='ocrx_word' id='word_1_45' title='bbox 1255 504 1523 558; x_wconf 75' lang='lat' dir='ltr'>magistratus</span> 
     </span>
     <span class='ocr_line' id='line_1_7' title="bbox 172 565 1525 627; baseline -0.006 -14"><span class='ocrx_word' id='word_1_46' title='bbox 172 580 274 627; x_wconf 78' lang='lat' dir='ltr'>aput</span> <span class='ocrx_word' id='word_1_47' title='bbox 298 586 366 613; x_wconf 90' lang='lat' dir='ltr'>eos</span> <span class='ocrx_word' id='word_1_48' title='bbox 392 579 479 612; x_wconf 87' lang='lat' dir='ltr'>erat</span> <span class='ocrx_word' id='word_1_49' title='bbox 503 594 559 598; x_wconf 90' lang='lat'><strong>—</strong></span> <span class='ocrx_word' id='word_1_50' title='bbox 583 585 725 624; x_wconf 87' lang='lat' dir='ltr'>regem</span> <span class='ocrx_word' id='word_1_51' title='bbox 750 568 828 624; x_wconf 81' lang='lat' dir='ltr'>ipsi</span> <span class='ocrx_word' id='word_1_52' title='bbox 855 569 1065 623; x_wconf 86' lang='lat' dir='ltr'>appellant</span> <span class='ocrx_word' id='word_1_53' title='bbox 1083 593 1150 616; x_wconf 88' lang='lat'>—‚</span> <span class='ocrx_word' id='word_1_54' title='bbox 1178 567 1231 608; x_wconf 88' lang='lat' dir='ltr'>ad</span> <span class='ocrx_word' id='word_1_55' title='bbox 1250 567 1407 607; x_wconf 86' lang='lat' dir='ltr'>Persea</span> <span class='ocrx_word' id='word_1_56' title='bbox 1430 565 1525 606; x_wconf 88' lang='lat' dir='ltr'>mit-</span> 
     </span>
     <span class='ocr_line' id='line_1_8' title="bbox 172 628 1523 687; baseline -0.006 -12"><span class='ocrx_word' id='word_1_57' title='bbox 172 642 284 683; x_wconf 86' lang='lat' dir='ltr'>tunt,</span> <span class='ocrx_word' id='word_1_58' title='bbox 317 633 387 687; x_wconf 88' lang='lat' dir='ltr'>qui</span> <span class='ocrx_word' id='word_1_59' title='bbox 413 633 644 680; x_wconf 84' lang='lat' dir='ltr'>nuntiaret,</span> <span class='ocrx_word' id='word_1_60' title='bbox 679 632 798 686; x_wconf 85' lang='lat' dir='ltr'>argui</span> <span class='ocrx_word' id='word_1_61' title='bbox 825 632 962 673; x_wconf 78' lang='lat' dir='ltr'>caedis</span> <span class='ocrx_word' id='word_1_62' title='bbox 990 630 1236 671; x_wconf 79' lang='lat' dir='ltr'>Euandrum</span> <span class='ocrx_word' id='word_1_63' title='bbox 1264 628 1523 675; x_wconf 84' lang='lat' dir='ltr'>Cretensem,</span> 
     </span>
     <span class='ocr_line' id='line_1_9' title="bbox 173 689 1525 749; baseline -0.005 -12"><span class='ocrx_word' id='word_1_64' title='bbox 173 712 263 738; x_wconf 88' lang='lat' dir='ltr'>esse</span> <span class='ocrx_word' id='word_1_65' title='bbox 288 703 428 736; x_wconf 88' lang='lat' dir='ltr'>autem</span> <span class='ocrx_word' id='word_1_66' title='bbox 453 694 607 735; x_wconf 84' lang='lat' dir='ltr'>iudicia</span> <span class='ocrx_word' id='word_1_67' title='bbox 628 702 729 749; x_wconf 51' lang='lat' dir='ltr'>aput,</span> <span class='ocrx_word' id='word_1_68' title='bbox 755 709 844 735; x_wconf 84' lang='lat' dir='ltr'>sese</span> <span class='ocrx_word' id='word_1_69' title='bbox 869 708 983 734; x_wconf 90' lang='lat' dir='ltr'>more</span> <span class='ocrx_word' id='word_1_70' title='bbox 1003 693 1208 733; x_wconf 89' lang='lat' dir='ltr'>maiorum</span> <span class='ocrx_word' id='word_1_71' title='bbox 1228 698 1454 746; x_wconf 81' lang='lat' dir='ltr'>conparata</span> <span class='ocrx_word' id='word_1_72' title='bbox 1475 689 1525 730; x_wconf 88' lang='lat' dir='ltr'>de</span> 
     </span>
     <span class='ocr_line' id='line_1_10' title="bbox 172 753 1526 811; baseline -0.005 -13"><span class='ocrx_word' id='word_1_73' title='bbox 172 758 241 806; x_wconf 90' lang='lat' dir='ltr'>iis,</span> <span class='ocrx_word' id='word_1_74' title='bbox 277 757 349 811; x_wconf 92' lang='lat' dir='ltr'>qui</span> <span class='ocrx_word' id='word_1_75' title='bbox 380 757 558 798; x_wconf 74' lang='lat' dir='ltr'>incestas</span> <span class='ocrx_word' id='word_1_76' title='bbox 594 772 742 796; x_wconf 89' lang='lat' dir='ltr'>manus</span> <span class='ocrx_word' id='word_1_77' title='bbox 768 756 954 796; x_wconf 84' lang='lat' dir='ltr'>intulisse</span> <span class='ocrx_word' id='word_1_78' title='bbox 987 755 1095 795; x_wconf 89' lang='lat' dir='ltr'>intra</span> <span class='ocrx_word' id='word_1_79' title='bbox 1120 753 1317 795; x_wconf 88' lang='lat' dir='ltr'>terminos</span> <span class='ocrx_word' id='word_1_80' title='bbox 1344 759 1526 793; x_wconf 86' lang='lat' dir='ltr'>sacratos</span> 
     </span>
     <span class='ocr_line' id='line_1_11' title="bbox 173 812 1525 874; baseline -0.005 -14"><span class='ocrx_word' id='word_1_81' title='bbox 173 820 315 874; x_wconf 89' lang='lat' dir='ltr'>templi</span> <span class='ocrx_word' id='word_1_82' title='bbox 348 820 555 860; x_wconf 85' lang='lat' dir='ltr'>dieantur:</span> <span class='ocrx_word' id='word_1_83' title='bbox 594 819 628 859; x_wconf 86' lang='lat' dir='ltr'>si</span> <span class='ocrx_word' id='word_1_84' title='bbox 659 818 882 858; x_wconf 85' lang='lat' dir='ltr'>confideret</span> <span class='ocrx_word' id='word_1_85' title='bbox 917 817 1117 857; x_wconf 87' lang='lat' dir='ltr'>Euander</span> <span class='ocrx_word' id='word_1_86' title='bbox 1148 815 1362 856; x_wconf 77' lang='lat' dir='ltr'>innoxium</span> <span class='ocrx_word' id='word_1_87' title='bbox 1393 829 1437 855; x_wconf 90' lang='lat' dir='ltr'>se</span> <span class='ocrx_word' id='word_1_88' title='bbox 1466 812 1525 853; x_wconf 89' lang='lat' dir='ltr'>rei</span> 
     </span>
     <span class='ocr_line' id='line_1_12' title="bbox 177 875 1527 936; baseline -0.005 -14"><span class='ocrx_word' id='word_1_89' title='bbox 177 882 365 936; x_wconf 86' lang='lat' dir='ltr'>capitalis</span> <span class='ocrx_word' id='word_1_90' title='bbox 391 882 523 936; x_wconf 85' lang='lat' dir='ltr'>argui,</span> <span class='ocrx_word' id='word_1_91' title='bbox 550 881 708 922; x_wconf 74' lang='lat' dir='ltr'>veniret</span> <span class='ocrx_word' id='word_1_92' title='bbox 736 881 789 921; x_wconf 86' lang='lat' dir='ltr'>ad</span> <span class='ocrx_word' id='word_1_93' title='bbox 816 896 985 921; x_wconf 82' lang='lat' dir='ltr'>causam</span> <span class='ocrx_word' id='word_1_94' title='bbox 1012 878 1252 926; x_wconf 70' lang='lat' dir='ltr'>dieendamg</span> <span class='ocrx_word' id='word_1_95' title='bbox 1279 877 1313 918; x_wconf 88' lang='lat' dir='ltr'>si</span> <span class='ocrx_word' id='word_1_96' title='bbox 1338 875 1527 917; x_wconf 84' lang='lat' dir='ltr'>commit-</span> 
     </span>
     <span class='ocr_line' id='line_1_13' title="bbox 175 938 1527 995; baseline -0.007 -10"><span class='ocrx_word' id='word_1_97' title='bbox 175 953 261 985; x_wconf 88' lang='lat' dir='ltr'>tere</span> <span class='ocrx_word' id='word_1_98' title='bbox 287 959 330 984; x_wconf 89' lang='lat' dir='ltr'>se</span> <span class='ocrx_word' id='word_1_99' title='bbox 355 944 508 984; x_wconf 90' lang='lat' dir='ltr'>iudicio</span> <span class='ocrx_word' id='word_1_100' title='bbox 533 958 616 983; x_wconf 91' lang='grc'>11011</span> <span class='ocrx_word' id='word_1_101' title='bbox 642 943 831 991; x_wconf 84' lang='lat' dir='ltr'>auderet,</span> <span class='ocrx_word' id='word_1_102' title='bbox 868 943 1063 983; x_wconf 85' lang='lat' dir='ltr'>liberaret</span> <span class='ocrx_word' id='word_1_103' title='bbox 1093 941 1292 995; x_wconf 80' lang='lat' dir='ltr'>religione</span> <span class='ocrx_word' id='word_1_104' title='bbox 1325 938 1527 992; x_wconf 85' lang='lat' dir='ltr'>templum</span> 
     </span>
     <span class='ocr_line' id='line_1_14' title="bbox 177 999 1528 1059; baseline -0.006 -12"><span class='ocrx_word' id='word_1_105' title='bbox 177 1020 225 1047; x_wconf 87' lang='lat' dir='ltr'>ae</span> <span class='ocrx_word' id='word_1_106' title='bbox 257 1006 421 1046; x_wconf 87' lang='lat' dir='ltr'>sibimet</span> <span class='ocrx_word' id='word_1_107' title='bbox 457 1006 545 1059; x_wconf 88' lang='lat' dir='ltr'>ipse</span> <span class='ocrx_word' id='word_1_108' title='bbox 587 1005 832 1045; x_wconf 75' lang='lat' dir='ltr'>consuleret.</span> <span class='ocrx_word' id='word_1_109' title='bbox 880 1004 1063 1045; x_wconf 87' lang='lat' dir='ltr'>Perseus</span> <span class='ocrx_word' id='word_1_110' title='bbox 1102 1010 1296 1044; x_wconf 83' lang='lat' dir='ltr'>sevocato</span> <span class='ocrx_word' id='word_1_111' title='bbox 1328 999 1528 1041; x_wconf 86' lang='lat' dir='ltr'>Euandro</span> 
     </span>
     <span class='ocr_line' id='line_1_15' title="bbox 176 1067 1529 1120; baseline -0.005 -13"><span class='ocrx_word' id='word_1_112' title='bbox 176 1067 376 1108; x_wconf 86' lang='lat' dir='ltr'>iudicium</span> <span class='ocrx_word' id='word_1_113' title='bbox 396 1067 603 1107; x_wconf 85' lang='lat' dir='ltr'>subeundi</span> <span class='ocrx_word' id='word_1_114' title='bbox 622 1067 736 1107; x_wconf 86' lang='lat' dir='ltr'>nullo</span> <span class='ocrx_word' id='word_1_115' title='bbox 762 1074 883 1120; x_wconf 88' lang='lat' dir='ltr'>paeto</span> <span class='ocrx_word' id='word_1_116' title='bbox 904 1074 1048 1106; x_wconf 81' lang='lat' dir='ltr'>auctor</span> <span class='ocrx_word' id='word_1_117' title='bbox 1073 1079 1183 1106; x_wconf 88' lang='lat' dir='ltr'>esse:</span> <span class='ocrx_word' id='word_1_118' title='bbox 1209 1078 1286 1104; x_wconf 90' lang='lat' dir='ltr'>nec</span> <span class='ocrx_word' id='word_1_119' title='bbox 1307 1077 1433 1103; x_wconf 84' lang='lat' dir='ltr'>eausa</span> <span class='ocrx_word' id='word_1_120' title='bbox 1453 1075 1529 1101; x_wconf 88' lang='lat' dir='ltr'>nec</span> 
     </span>
     <span class='ocr_line' id='line_1_16' title="bbox 176 1125 1529 1184; baseline -0.004 -15"><span class='ocrx_word' id='word_1_121' title='bbox 176 1130 310 1184; x_wconf 85' lang='lat' dir='ltr'>gratia</span> <span class='ocrx_word' id='word_1_122' title='bbox 339 1144 483 1183; x_wconf 88' lang='lat' dir='ltr'>parem</span> <span class='ocrx_word' id='word_1_123' title='bbox 513 1129 614 1170; x_wconf 85' lang='lat' dir='ltr'>fore.</span> <span class='ocrx_word' id='word_1_124' title='bbox 677 1129 843 1169; x_wconf 81' lang='lat' dir='ltr'>suberat</span> <span class='ocrx_word' id='word_1_125' title='bbox 876 1136 915 1169; x_wconf 87' lang='lat' dir='ltr'>et</span> <span class='ocrx_word' id='word_1_126' title='bbox 947 1127 1014 1168; x_wconf 89' lang='lat' dir='ltr'>ille</span> <span class='ocrx_word' id='word_1_127' title='bbox 1039 1138 1195 1175; x_wconf 85' lang='lat' dir='ltr'>metus,</span> <span class='ocrx_word' id='word_1_128' title='bbox 1231 1141 1283 1166; x_wconf 90' lang='lat' dir='ltr'>ne</span> <span class='ocrx_word' id='word_1_129' title='bbox 1310 1125 1529 1165; x_wconf 88' lang='lat' dir='ltr'>damnatus</span> 
     </span>
     <span class='ocr_line' id='line_1_17' title="bbox 178 1185 1527 1243; baseline -0.005 -12"><span class='ocrx_word' id='word_1_130' title='bbox 178 1199 398 1232; x_wconf 84' lang='lat' dir='ltr'>auctorem</span> <span class='ocrx_word' id='word_1_131' title='bbox 422 1206 464 1231; x_wconf 84' lang='lat' dir='ltr'>se</span> <span class='ocrx_word' id='word_1_132' title='bbox 489 1190 660 1230; x_wconf 82' lang='lat' dir='ltr'>nefandi</span> <span class='ocrx_word' id='word_1_133' title='bbox 690 1190 885 1230; x_wconf 80' lang='lat' dir='ltr'>facinoris</span> <span class='ocrx_word' id='word_1_134' title='bbox 917 1188 1189 1243; x_wconf 84' lang='lat' dir='ltr'>protraheret.</span> <span class='ocrx_word' id='word_1_135' title='bbox 1249 1187 1397 1239; x_wconf 85' lang='lat' dir='ltr'>reliqui</span> <span class='ocrx_word' id='word_1_136' title='bbox 1430 1185 1527 1238; x_wconf 91' lang='lat' dir='ltr'>quid</span> 
     </span>
     <span class='ocr_line' id='line_1_18' title="bbox 177 1247 1530 1304; baseline -0.005 -11"><span class='ocrx_word' id='word_1_137' title='bbox 177 1268 287 1301; x_wconf 83' lang='lat' dir='ltr'>esse,</span> <span class='ocrx_word' id='word_1_138' title='bbox 319 1253 396 1293; x_wconf 86' lang='lat' dir='ltr'>nisi</span> <span class='ocrx_word' id='word_1_139' title='bbox 422 1260 466 1292; x_wconf 91' lang='lat' dir='ltr'>ut</span> <span class='ocrx_word' id='word_1_140' title='bbox 491 1252 652 1292; x_wconf 89' lang='lat' dir='ltr'>fortiter</span> <span class='ocrx_word' id='word_1_141' title='bbox 675 1252 899 1291; x_wconf 79' lang='lat' dir='ltr'>moriatur?</span> <span class='ocrx_word' id='word_1_142' title='bbox 936 1251 1035 1290; x_wconf 86' lang='lat' dir='ltr'>nihil</span> <span class='ocrx_word' id='word_1_143' title='bbox 1068 1250 1206 1304; x_wconf 87' lang='lat' dir='ltr'>palam</span> <span class='ocrx_word' id='word_1_144' title='bbox 1232 1249 1414 1289; x_wconf 84' lang='lat' dir='ltr'>abnuere</span> <span class='ocrx_word' id='word_1_145' title='bbox 1442 1247 1530 1287; x_wconf 89' lang='lat' dir='ltr'>Eu-</span> 
     </span>
     <span class='ocr_line' id='line_1_19' title="bbox 178 1309 1530 1364; baseline -0.005 -8"><span class='ocrx_word' id='word_1_146' title='bbox 178 1315 325 1363; x_wconf 68' lang='lat' dir='ltr'>ander-3</span> <span class='ocrx_word' id='word_1_147' title='bbox 352 1314 425 1355; x_wconf 87' lang='lat' dir='ltr'>sed</span> <span class='ocrx_word' id='word_1_148' title='bbox 445 1329 539 1355; x_wconf 85' lang='grc'>011111</span> <span class='ocrx_word' id='word_1_149' title='bbox 558 1328 718 1354; x_wconf 76' lang='lat' dir='ltr'>veneno</span> <span class='ocrx_word' id='word_1_150' title='bbox 743 1328 786 1354; x_wconf 90' lang='lat' dir='ltr'>se</span> <span class='ocrx_word' id='word_1_151' title='bbox 808 1313 930 1353; x_wconf 87' lang='lat' dir='ltr'>malle</span> <span class='ocrx_word' id='word_1_152' title='bbox 951 1313 1055 1352; x_wconf 91' lang='lat' dir='ltr'>mori</span> <span class='ocrx_word' id='word_1_153' title='bbox 1077 1326 1201 1364; x_wconf 89' lang='grc'>(11111111</span> <span class='ocrx_word' id='word_1_154' title='bbox 1222 1312 1332 1351; x_wconf 86' lang='lat' dir='ltr'>ferro</span> <span class='ocrx_word' id='word_1_155' title='bbox 1347 1309 1530 1355; x_wconf 80' lang='lat' dir='ltr'>dixisset,</span> 
     </span>
     <span class='ocr_line' id='line_1_20' title="bbox 178 1373 1531 1430; baseline -0.004 -14"><span class='ocrx_word' id='word_1_156' title='bbox 178 1378 337 1418; x_wconf 86' lang='lat' dir='ltr'>occulte</span> <span class='ocrx_word' id='word_1_157' title='bbox 363 1377 507 1430; x_wconf 85' lang='lat' dir='ltr'>fugam</span> <span class='ocrx_word' id='word_1_158' title='bbox 528 1376 713 1430; x_wconf 87' lang='lat' dir='ltr'>parabat.</span> <span class='ocrx_word' id='word_1_159' title='bbox 752 1374 864 1428; x_wconf 89' lang='lat' dir='ltr'>quod</span> <span class='ocrx_word' id='word_1_160' title='bbox 886 1390 979 1415; x_wconf 87' lang='lat' dir='ltr'>eum</span> <span class='ocrx_word' id='word_1_161' title='bbox 999 1374 1282 1414; x_wconf 89' lang='lat' dir='ltr'>renuntiatum</span> <span class='ocrx_word' id='word_1_162' title='bbox 1301 1373 1391 1427; x_wconf 87' lang='lat' dir='ltr'>regi</span> <span class='ocrx_word' id='word_1_163' title='bbox 1411 1379 1531 1420; x_wconf 89' lang='lat' dir='ltr'>esset,</span> 
     </span>
     <span class='ocr_line' id='line_1_21' title="bbox 182 1433 1531 1490; baseline -0.005 -11"><span class='ocrx_word' id='word_1_164' title='bbox 182 1447 369 1479; x_wconf 85' lang='lat' dir='ltr'>metuens</span> <span class='ocrx_word' id='word_1_165' title='bbox 405 1453 457 1479; x_wconf 87' lang='lat' dir='ltr'>ne</span> <span class='ocrx_word' id='word_1_166' title='bbox 495 1445 710 1490; x_wconf 82' lang='lat' dir='ltr'>tamquam</span> <span class='ocrx_word' id='word_1_167' title='bbox 743 1452 767 1478; x_wconf 92' lang='lat' dir='ltr'>a</span> <span class='ocrx_word' id='word_1_168' title='bbox 798 1452 841 1478; x_wconf 90' lang='lat' dir='ltr'>se</span> <span class='ocrx_word' id='word_1_169' title='bbox 874 1436 1086 1477; x_wconf 78' lang='lat' dir='ltr'>subtracto</span> <span class='ocrx_word' id='word_1_170' title='bbox 1124 1449 1283 1489; x_wconf 85' lang='lat' dir='ltr'>poenae</span> <span class='ocrx_word' id='word_1_171' title='bbox 1320 1448 1389 1475; x_wconf 89' lang='lat' dir='ltr'>reo</span> <span class='ocrx_word' id='word_1_172' title='bbox 1427 1433 1531 1473; x_wconf 86' lang='lat' dir='ltr'>iram</span> 
     </span>
     <span class='ocr_line' id='line_1_22' title="bbox 182 1495 1532 1548; baseline -0.005 -7"><span class='ocrx_word' id='word_1_173' title='bbox 182 1501 501 1542; x_wconf 79' lang='lat' dir='ltr'>Samothracum</span> <span class='ocrx_word' id='word_1_174' title='bbox 521 1500 564 1540; x_wconf 90' lang='grc'>111</span> <span class='ocrx_word' id='word_1_175' title='bbox 585 1515 628 1540; x_wconf 87' lang='lat' dir='ltr'>se</span> <span class='ocrx_word' id='word_1_176' title='bbox 650 1506 921 1548; x_wconf 81' lang='lat' dir='ltr'>converteret,</span> <span class='ocrx_word' id='word_1_177' title='bbox 943 1497 1118 1539; x_wconf 87' lang='lat' dir='ltr'>interfici</span> <span class='ocrx_word' id='word_1_178' title='bbox 1133 1497 1381 1537; x_wconf 84' lang='lat' dir='ltr'>Euandrum</span> <span class='ocrx_word' id='word_1_179' title='bbox 1400 1495 1532 1535; x_wconf 85' lang='lat' dir='ltr'>iussit.</span> 
     </span>
     <span class='ocr_line' id='line_1_23' title="bbox 180 1557 1531 1617; baseline -0.004 -14"><span class='ocrx_word' id='word_1_180' title='bbox 180 1578 262 1616; x_wconf 87' lang='lat' dir='ltr'>qua</span> <span class='ocrx_word' id='word_1_181' title='bbox 294 1569 533 1617; x_wconf 87' lang='lat' dir='ltr'>perpetrata</span> <span class='ocrx_word' id='word_1_182' title='bbox 564 1569 718 1603; x_wconf 90' lang='lat' dir='ltr'>temere</span> <span class='ocrx_word' id='word_1_183' title='bbox 745 1561 871 1603; x_wconf 87' lang='lat' dir='ltr'>caede</span> <span class='ocrx_word' id='word_1_184' title='bbox 906 1560 1017 1601; x_wconf 85' lang='lat' dir='ltr'>subit</span> <span class='ocrx_word' id='word_1_185' title='bbox 1049 1559 1256 1614; x_wconf 83' lang='lat' dir='ltr'>extemplo</span> <span class='ocrx_word' id='word_1_186' title='bbox 1282 1559 1466 1605; x_wconf 86' lang='lat' dir='ltr'>animum</span> <span class='ocrx_word' id='word_1_187' title='bbox 1491 1557 1531 1597; x_wconf 88' lang='lat' dir='ltr'>in</span> 
     </span>
     <span class='ocr_line' id='line_1_24' title="bbox 180 1619 1535 1678; baseline -0.004 -14"><span class='ocrx_word' id='word_1_188' title='bbox 180 1640 223 1665; x_wconf 87' lang='lat' dir='ltr'>se</span> <span class='ocrx_word' id='word_1_189' title='bbox 247 1625 443 1665; x_wconf 90' lang='lat' dir='ltr'>nimirum</span> <span class='ocrx_word' id='word_1_190' title='bbox 462 1632 672 1678; x_wconf 85' lang='lat' dir='ltr'>receptam</span> <span class='ocrx_word' id='word_1_191' title='bbox 691 1624 842 1672; x_wconf 87' lang='lat' dir='ltr'>labem,</span> <span class='ocrx_word' id='word_1_192' title='bbox 868 1637 974 1676; x_wconf 86' lang='lat' dir='ltr'>quae</span> <span class='ocrx_word' id='word_1_193' title='bbox 989 1621 1180 1663; x_wconf 86' lang='lat' dir='ltr'>Euandri</span> <span class='ocrx_word' id='word_1_194' title='bbox 1200 1621 1366 1662; x_wconf 83' lang='lat' dir='ltr'>fuisset:</span> <span class='ocrx_word' id='word_1_195' title='bbox 1393 1620 1446 1660; x_wconf 88' lang='lat' dir='ltr'>ab</span> <span class='ocrx_word' id='word_1_196' title='bbox 1465 1619 1535 1659; x_wconf 82' lang='lat' dir='ltr'>illo</span> 
     </span>
     <span class='ocr_line' id='line_1_25' title="bbox 181 1681 1536 1742; baseline -0.005 -14"><span class='ocrx_word' id='word_1_197' title='bbox 181 1687 359 1742; x_wconf 87' lang='lat' dir='ltr'>Delphis</span> <span class='ocrx_word' id='word_1_198' title='bbox 384 1688 646 1727; x_wconf 78' lang='lat' dir='ltr'>volneratum</span> <span class='ocrx_word' id='word_1_199' title='bbox 667 1686 901 1734; x_wconf 88' lang='lat' dir='ltr'>Eumenen,</span> <span class='ocrx_word' id='word_1_200' title='bbox 928 1686 981 1726; x_wconf 89' lang='lat' dir='ltr'>ab</span> <span class='ocrx_word' id='word_1_201' title='bbox 1007 1700 1050 1725; x_wconf 87' lang='lat' dir='ltr'>se</span> <span class='ocrx_word' id='word_1_202' title='bbox 1072 1683 1371 1725; x_wconf 79' lang='lat' dir='ltr'>Samothracae</span> <span class='ocrx_word' id='word_1_203' title='bbox 1392 1681 1536 1722; x_wconf 88' lang='lat' dir='ltr'>Euan-</span> 
     </span>
     <span class='ocr_line' id='line_1_26' title="bbox 183 1744 1536 1798; baseline -0.004 -9"><span class='ocrx_word' id='word_1_204' title='bbox 183 1750 303 1789; x_wconf 88' lang='lat' dir='ltr'>drum</span> <span class='ocrx_word' id='word_1_205' title='bbox 339 1749 542 1798; x_wconf 82' lang='lat' dir='ltr'>oecisu1n3</span> <span class='ocrx_word' id='word_1_206' title='bbox 578 1749 635 1789; x_wconf 89' lang='lat' dir='ltr'>ita</span> <span class='ocrx_word' id='word_1_207' title='bbox 672 1749 754 1789; x_wconf 90' lang='lat' dir='ltr'>duo</span> <span class='ocrx_word' id='word_1_208' title='bbox 793 1747 1053 1789; x_wconf 84' lang='lat' dir='ltr'>sanctissima</span> <span class='ocrx_word' id='word_1_209' title='bbox 1084 1747 1126 1786; x_wconf 91' lang='lat' dir='ltr'>in</span> <span class='ocrx_word' id='word_1_210' title='bbox 1159 1746 1275 1786; x_wconf 88' lang='lat' dir='ltr'>terris</span> <span class='ocrx_word' id='word_1_211' title='bbox 1307 1744 1462 1798; x_wconf 88' lang='lat' dir='ltr'>templa</span> <span class='ocrx_word' id='word_1_212' title='bbox 1493 1758 1536 1783; x_wconf 85' lang='lat' dir='ltr'>se</span> 
     </span>
     <span class='ocr_line' id='line_1_27' title="bbox 183 1805 1534 1864; baseline -0.005 -13"><span class='ocrx_word' id='word_1_213' title='bbox 183 1825 266 1851; x_wconf 90' lang='lat' dir='ltr'>uno</span> <span class='ocrx_word' id='word_1_214' title='bbox 292 1818 462 1851; x_wconf 89' lang='lat' dir='ltr'>auctore</span> <span class='ocrx_word' id='word_1_215' title='bbox 489 1810 692 1864; x_wconf 81' lang='lat' dir='ltr'>sanguine</span> <span class='ocrx_word' id='word_1_216' title='bbox 717 1810 899 1850; x_wconf 84' lang='lat' dir='ltr'>humano</span> <span class='ocrx_word' id='word_1_217' title='bbox 926 1810 1092 1849; x_wconf 83' lang='lat' dir='ltr'>violata.</span> <span class='ocrx_word' id='word_1_218' title='bbox 1147 1807 1270 1848; x_wconf 87' lang='lat' dir='ltr'>huius</span> <span class='ocrx_word' id='word_1_219' title='bbox 1295 1806 1355 1847; x_wconf 77' lang='lat' dir='ltr'>rei</span> <span class='ocrx_word' id='word_1_220' title='bbox 1381 1805 1534 1846; x_wconf 86' lang='lat' dir='ltr'>crimen</span> 
     </span>
     <span class='ocr_line' id='line_1_28' title="bbox 184 1867 1538 1926; baseline -0.006 -14"><span class='ocrx_word' id='word_1_221' title='bbox 184 1880 377 1926; x_wconf 87' lang='lat' dir='ltr'>corrupto</span> <span class='ocrx_word' id='word_1_222' title='bbox 402 1872 581 1925; x_wconf 86' lang='lat' dir='ltr'>pecunia</span> <span class='ocrx_word' id='word_1_223' title='bbox 601 1872 805 1912; x_wconf 85' lang='lat' dir='ltr'>Theonda</span> <span class='ocrx_word' id='word_1_224' title='bbox 832 1871 993 1919; x_wconf 69' lang='lat' dir='ltr'>avertit,</span> <span class='ocrx_word' id='word_1_225' title='bbox 1019 1878 1063 1910; x_wconf 91' lang='lat' dir='ltr'>ut</span> <span class='ocrx_word' id='word_1_226' title='bbox 1089 1869 1345 1910; x_wconf 84' lang='lat' dir='ltr'>renuntiaret</span> <span class='ocrx_word' id='word_1_227' title='bbox 1371 1867 1538 1922; x_wconf 79' lang='lat' dir='ltr'>populo,</span> 
     </span>
     <span class='ocr_line' id='line_1_29' title="bbox 186 1932 1149 1987; baseline -0.002 -14"><span class='ocrx_word' id='word_1_228' title='bbox 186 1933 432 1973; x_wconf 83' lang='lat' dir='ltr'>Euandrum</span> <span class='ocrx_word' id='word_1_229' title='bbox 458 1933 537 1973; x_wconf 86' lang='lat' dir='ltr'>sibi</span> <span class='ocrx_word' id='word_1_230' title='bbox 562 1933 701 1987; x_wconf 86' lang='lat' dir='ltr'>ipsum</span> <span class='ocrx_word' id='word_1_231' title='bbox 724 1941 901 1973; x_wconf 87' lang='lat' dir='ltr'>mortem</span> <span class='ocrx_word' id='word_1_232' title='bbox 928 1932 1149 1973; x_wconf 85' lang='lat' dir='ltr'>conscisse.</span> 
     </span>
    </p>

    <p class='ocr_par' dir='ltr' id='par_1_3' title="bbox 186 1988 1541 2421">
     <span class='ocr_line' id='line_1_30' title="bbox 272 1988 1538 2036; baseline -0.006 -1"><span class='ocrx_word' id='word_1_233' title='bbox 272 1995 349 2036; x_wconf 79' lang='lat' dir='ltr'>VI.</span> <span class='ocrx_word' id='word_1_234' title='bbox 389 1993 589 2035; x_wconf 85' lang='lat' dir='ltr'>Ceterum</span> <span class='ocrx_word' id='word_1_235' title='bbox 614 2002 730 2035; x_wconf 87' lang='lat' dir='ltr'>tanto</span> <span class='ocrx_word' id='word_1_236' title='bbox 755 1994 938 2035; x_wconf 79' lang='lat' dir='ltr'>facinore</span> <span class='ocrx_word' id='word_1_237' title='bbox 964 1993 1007 2034; x_wconf 89' lang='lat' dir='ltr'>in</span> <span class='ocrx_word' id='word_1_238' title='bbox 1031 1993 1201 2033; x_wconf 91' lang='lat' dir='ltr'>unicum</span> <span class='ocrx_word' id='word_1_239' title='bbox 1220 1990 1411 2031; x_wconf 87' lang='lat' dir='ltr'>relictum</span> <span class='ocrx_word' id='word_1_240' title='bbox 1437 1988 1538 2029; x_wconf 88' lang='lat' dir='ltr'>ami-</span> 
     </span>
     <span class='ocr_line' id='line_1_31' title="bbox 186 2049 1539 2110; baseline -0.007 -12"><span class='ocrx_word' id='word_1_241' title='bbox 186 2073 283 2098; x_wconf 87' lang='lat' dir='ltr'>cum</span> <span class='ocrx_word' id='word_1_242' title='bbox 309 2056 542 2105; x_wconf 82' lang='lat' dir='ltr'>commisso,</span> <span class='ocrx_word' id='word_1_243' title='bbox 568 2071 642 2110; x_wconf 89' lang='lat' dir='ltr'>per</span> <span class='ocrx_word' id='word_1_244' title='bbox 667 2063 724 2096; x_wconf 86' lang='lat' dir='ltr'>tot</span> <span class='ocrx_word' id='word_1_245' title='bbox 748 2070 868 2096; x_wconf 82' lang='lat' dir='ltr'>casus</span> <span class='ocrx_word' id='word_1_246' title='bbox 889 2062 1107 2109; x_wconf 82' lang='lat' dir='ltr'>expertum</span> <span class='ocrx_word' id='word_1_247' title='bbox 1128 2052 1421 2108; x_wconf 88' lang='lat' dir='ltr'>proditumque</span> <span class='ocrx_word' id='word_1_248' title='bbox 1441 2049 1539 2103; x_wconf 88' lang='lat' dir='ltr'>quia</span> 
     </span>
     <span class='ocr_line' id='line_1_32' title="bbox 187 2113 1536 2173; baseline -0.007 -13"><span class='ocrx_word' id='word_1_249' title='bbox 187 2134 270 2160; x_wconf 86' lang='lat' dir='ltr'>non</span> <span class='ocrx_word' id='word_1_250' title='bbox 300 2118 559 2173; x_wconf 81' lang='lat' dir='ltr'>prodiderat,</span> <span class='ocrx_word' id='word_1_251' title='bbox 585 2118 771 2158; x_wconf 87' lang='lat' dir='ltr'>omnium</span> <span class='ocrx_word' id='word_1_252' title='bbox 804 2117 856 2157; x_wconf 91' lang='lat' dir='ltr'>ab</span> <span class='ocrx_word' id='word_1_253' title='bbox 882 2131 925 2157; x_wconf 91' lang='lat' dir='ltr'>se</span> <span class='ocrx_word' id='word_1_254' title='bbox 951 2115 1202 2156; x_wconf 84' lang='lat' dir='ltr'>abalienavit</span> <span class='ocrx_word' id='word_1_255' title='bbox 1227 2113 1401 2154; x_wconf 84' lang='lat' dir='ltr'>animos.</span> <span class='ocrx_word' id='word_1_256' title='bbox 1461 2125 1536 2165; x_wconf 90' lang='lat' dir='ltr'>pro</span> 
     </span>
     <span class='ocr_line' id='line_1_33' title="bbox 189 2174 1540 2234; baseline -0.006 -13"><span class='ocrx_word' id='word_1_257' title='bbox 189 2197 231 2222; x_wconf 84' lang='lat' dir='ltr'>se</span> <span class='ocrx_word' id='word_1_258' title='bbox 257 2181 433 2234; x_wconf 82' lang='lat' dir='ltr'>quisque</span> <span class='ocrx_word' id='word_1_259' title='bbox 458 2180 632 2221; x_wconf 83' lang='lat' dir='ltr'>transire</span> <span class='ocrx_word' id='word_1_260' title='bbox 659 2180 711 2220; x_wconf 82' lang='lat' dir='ltr'>ad</span> <span class='ocrx_word' id='word_1_261' title='bbox 734 2180 965 2227; x_wconf 79' lang='lat' dir='ltr'>Romanos3</span> <span class='ocrx_word' id='word_1_262' title='bbox 991 2178 1202 2232; x_wconf 80' lang='lat' dir='ltr'>fugaeque</span> <span class='ocrx_word' id='word_1_263' title='bbox 1228 2174 1447 2216; x_wconf 86' lang='lat' dir='ltr'>consilium</span> <span class='ocrx_word' id='word_1_264' title='bbox 1472 2175 1540 2213; x_wconf 86' lang='lat' dir='ltr'>ea-</span> 
     </span>
     <span class='ocr_line' id='line_1_34' title="bbox 189 2233 1541 2298; baseline -0.007 -15"><span class='ocrx_word' id='word_1_265' title='bbox 189 2258 287 2298; x_wconf 88' lang='lat' dir='ltr'>pere</span> <span class='ocrx_word' id='word_1_266' title='bbox 313 2242 448 2282; x_wconf 88' lang='lat' dir='ltr'>solum</span> <span class='ocrx_word' id='word_1_267' title='bbox 467 2256 596 2296; x_wconf 90' lang='lat' dir='ltr'>prope</span> <span class='ocrx_word' id='word_1_268' title='bbox 617 2241 806 2282; x_wconf 86' lang='lat' dir='ltr'>relictum</span> <span class='ocrx_word' id='word_1_269' title='bbox 826 2246 1065 2294; x_wconf 85' lang='lat' dir='ltr'>coegerunt,</span> <span class='ocrx_word' id='word_1_270' title='bbox 1089 2237 1417 2289; x_wconf 81' lang='lat' dir='ltr'>Oroandemque</span> <span class='ocrx_word' id='word_1_271' title='bbox 1439 2233 1541 2275; x_wconf 88' lang='lat' dir='ltr'>Cre-</span> 
     </span>
     <span class='ocr_line' id='line_1_35' title="bbox 190 2295 1538 2353; baseline -0.008 -7"><span class='ocrx_word' id='word_1_272' title='bbox 190 2315 369 2353; x_wconf 87' lang='lat' dir='ltr'>tensem,</span> <span class='ocrx_word' id='word_1_273' title='bbox 407 2304 474 2345; x_wconf 90' lang='lat' dir='ltr'>eui</span> <span class='ocrx_word' id='word_1_274' title='bbox 504 2311 603 2344; x_wconf 89' lang='lat' dir='ltr'>nota</span> <span class='ocrx_word' id='word_1_275' title='bbox 628 2303 831 2344; x_wconf 87' lang='lat' dir='ltr'>Threciae</span> <span class='ocrx_word' id='word_1_276' title='bbox 857 2317 930 2342; x_wconf 89' lang='lat' dir='ltr'>ora</span> <span class='ocrx_word' id='word_1_277' title='bbox 954 2309 1062 2348; x_wconf 84' lang='lat' dir='ltr'>erat,</span> <span class='ocrx_word' id='word_1_278' title='bbox 1099 2300 1197 2353; x_wconf 88' lang='lat' dir='ltr'>quia</span> <span class='ocrx_word' id='word_1_279' title='bbox 1221 2305 1474 2339; x_wconf 85' lang='lat' dir='ltr'>mercaturas</span> <span class='ocrx_word' id='word_1_280' title='bbox 1500 2295 1538 2335; x_wconf 89' lang='lat' dir='ltr'>in</span> 
     </span>
     <span class='ocr_line' id='line_1_36' title="bbox 191 2358 1541 2421; baseline -0.009 -12"><span class='ocrx_word' id='word_1_281' title='bbox 191 2383 240 2409; x_wconf 88' lang='lat' dir='ltr'>ea</span> <span class='ocrx_word' id='word_1_282' title='bbox 264 2367 434 2421; x_wconf 88' lang='lat' dir='ltr'>regione</span> <span class='ocrx_word' id='word_1_283' title='bbox 459 2366 627 2414; x_wconf 87' lang='lat' dir='ltr'>fecerat,</span> <span class='ocrx_word' id='word_1_284' title='bbox 655 2366 856 2420; x_wconf 87' lang='lat' dir='ltr'>appellat,</span> <span class='ocrx_word' id='word_1_285' title='bbox 882 2372 928 2404; x_wconf 81' lang='lat' dir='ltr'>ut</span> <span class='ocrx_word' id='word_1_286' title='bbox 952 2379 996 2404; x_wconf 84' lang='lat' dir='ltr'>se</span> <span class='ocrx_word' id='word_1_287' title='bbox 1022 2362 1232 2403; x_wconf 85' lang='lat' dir='ltr'>sublatum</span> <span class='ocrx_word' id='word_1_288' title='bbox 1253 2358 1336 2415; x_wconf 85' lang='lat' dir='ltr'>[in]</span> <span class='ocrx_word' id='word_1_289' title='bbox 1356 2359 1541 2400; x_wconf 90' lang='lat' dir='ltr'>lembum</span> 
     </span>
    </p>
   </div>
   <div class='ocr_carea' id='block_1_3' title="bbox 192 2422 1585 2482">
    <p class='ocr_par' dir='ltr' id='par_1_4' title="bbox 192 2422 1585 2482">
     <span class='ocr_line' id='line_1_37' title="bbox 192 2422 1585 2482; baseline -0.007 -13"><span class='ocrx_word' id='word_1_290' title='bbox 192 2429 245 2470; x_wconf 88' lang='lat' dir='ltr'>ad</span> <span class='ocrx_word' id='word_1_291' title='bbox 272 2427 427 2482; x_wconf 75' lang='lat' dir='ltr'>Cotym</span> <span class='ocrx_word' id='word_1_292' title='bbox 452 2427 687 2469; x_wconf 78' lang='lat' dir='ltr'>deveheret.</span> <span class='ocrx_word' id='word_1_293' title='bbox 730 2426 996 2467; x_wconf 89' lang='lat' dir='ltr'>Demetrium</span> <span class='ocrx_word' id='word_1_294' title='bbox 1021 2432 1083 2466; x_wconf 69' lang='lat' dir='ltr'>est⁴</span> <span class='ocrx_word' id='word_1_295' title='bbox 1107 2431 1252 2479; x_wconf 87' lang='lat' dir='ltr'>portus</span> <span class='ocrx_word' id='word_1_296' title='bbox 1276 2422 1320 2462; x_wconf 89' lang='lat' dir='ltr'>in</span> <span class='ocrx_word' id='word_1_297' title='bbox 1344 2436 1543 2476; x_wconf 89' lang='lat' dir='ltr'>promun-</span> <span class='ocrx_word' id='word_1_298' title='bbox 1568 2433 1585 2460; x_wconf 59' lang='lat'>:³</span> 
     </span>
    </p>
   </div>
   <div class='ocr_carea' id='block_1_4' title="bbox 192 2483 1545 2668">
    <p class='ocr_par' dir='ltr' id='par_1_5' title="bbox 192 2483 1545 2668">
     <span class='ocr_line' id='line_1_38' title="bbox 192 2483 1544 2543; baseline -0.006 -13"><span class='ocrx_word' id='word_1_299' title='bbox 192 2491 299 2531; x_wconf 91' lang='lat' dir='ltr'>turio</span> <span class='ocrx_word' id='word_1_300' title='bbox 325 2490 508 2543; x_wconf 86' lang='lat' dir='ltr'>quodam</span> <span class='ocrx_word' id='word_1_301' title='bbox 523 2488 841 2536; x_wconf 83' lang='lat' dir='ltr'>Samothracae3</span> <span class='ocrx_word' id='word_1_302' title='bbox 867 2488 923 2527; x_wconf 92' lang='lat' dir='ltr'>ibi</span> <span class='ocrx_word' id='word_1_303' title='bbox 948 2486 1110 2528; x_wconf 88' lang='lat' dir='ltr'>lembus</span> <span class='ocrx_word' id='word_1_304' title='bbox 1139 2485 1288 2526; x_wconf 85' lang='lat' dir='ltr'>stabat.</span> <span class='ocrx_word' id='word_1_305' title='bbox 1326 2483 1403 2524; x_wconf 90' lang='lat' dir='ltr'>sub</span> <span class='ocrx_word' id='word_1_306' title='bbox 1425 2497 1544 2523; x_wconf 83' lang='lat' dir='ltr'>oeca-</span> 
     </span>
     <span class='ocr_line' id='line_1_39' title="bbox 194 2545 1545 2604; baseline -0.007 -11"><span class='ocrx_word' id='word_1_307' title='bbox 194 2568 286 2593; x_wconf 88' lang='lat' dir='ltr'>sum</span> <span class='ocrx_word' id='word_1_308' title='bbox 311 2552 408 2592; x_wconf 88' lang='lat' dir='ltr'>solis</span> <span class='ocrx_word' id='word_1_309' title='bbox 434 2551 678 2592; x_wconf 87' lang='lat' dir='ltr'>deferuntur</span> <span class='ocrx_word' id='word_1_310' title='bbox 698 2565 804 2604; x_wconf 82' lang='lat' dir='ltr'>quae</span> <span class='ocrx_word' id='word_1_311' title='bbox 829 2550 881 2590; x_wconf 88' lang='lat' dir='ltr'>ad</span> <span class='ocrx_word' id='word_1_312' title='bbox 906 2565 1027 2589; x_wconf 76' lang='lat' dir='ltr'>usum</span> <span class='ocrx_word' id='word_1_313' title='bbox 1053 2547 1287 2589; x_wconf 86' lang='lat' dir='ltr'>necessaria</span> <span class='ocrx_word' id='word_1_314' title='bbox 1312 2553 1447 2593; x_wconf 85' lang='lat' dir='ltr'>erant3</span> <span class='ocrx_word' id='word_1_315' title='bbox 1474 2545 1545 2584; x_wconf 89' lang='lat' dir='ltr'>de-</span> 
     </span>
     <span class='ocr_line' id='line_1_40' title="bbox 196 2607 1543 2668; baseline -0.007 -12"><span class='ocrx_word' id='word_1_316' title='bbox 196 2618 326 2657; x_wconf 81' lang='lat' dir='ltr'>fertur</span> <span class='ocrx_word' id='word_1_317' title='bbox 351 2622 389 2656; x_wconf 88' lang='lat' dir='ltr'>et</span> <span class='ocrx_word' id='word_1_318' title='bbox 415 2614 612 2668; x_wconf 83' lang='lat' dir='ltr'>pecunia,</span> <span class='ocrx_word' id='word_1_319' title='bbox 646 2621 802 2666; x_wconf 87' lang='lat' dir='ltr'>quauta</span> <span class='ocrx_word' id='word_1_320' title='bbox 826 2613 932 2653; x_wconf 87' lang='lat' dir='ltr'>elam</span> <span class='ocrx_word' id='word_1_321' title='bbox 959 2611 1109 2652; x_wconf 86' lang='lat' dir='ltr'>deferri</span> <span class='ocrx_word' id='word_1_322' title='bbox 1135 2617 1309 2665; x_wconf 83' lang='lat' dir='ltr'>poterat.</span> <span class='ocrx_word' id='word_1_323' title='bbox 1358 2624 1429 2649; x_wconf 84' lang='lat' dir='ltr'>rex</span> <span class='ocrx_word' id='word_1_324' title='bbox 1456 2607 1543 2660; x_wconf 73' lang='lat' dir='ltr'>ipse</span> 
     </span>
    </p>
   </div>
   <div class='ocr_carea' id='block_1_5' title="bbox 1549 332 1566 359">
    <p class='ocr_par' dir='ltr' id='par_1_6' title="bbox 1549 332 1566 359">
     <span class='ocr_line' id='line_1_41' title="bbox 1549 332 1566 359; baseline -0.118 0"><span class='ocrx_word' id='word_1_325' title='bbox 1549 332 1566 359; x_wconf 65' lang='lat' dir='ltr'>ti</span> 
     </span>
    </p>
   </div>
   <div class='ocr_carea' id='block_1_6' title="bbox 1558 1259 1597 1287">
    <p class='ocr_par' dir='ltr' id='par_1_7' title="bbox 1558 1259 1597 1287">
     <span class='ocr_line' id='line_1_42' title="bbox 1558 1259 1597 1287; baseline 0 0"><span class='ocrx_word' id='word_1_326' title='bbox 1558 1259 1597 1287; x_wconf 75' lang='grc' dir='ltr'>κ)</span> 
     </span>
    </p>
   </div>
   <div class='ocr_carea' id='block_1_7' title="bbox 1564 1569 1598 1597">
    <p class='ocr_par' dir='ltr' id='par_1_8' title="bbox 1564 1569 1598 1597">
     <span class='ocr_line' id='line_1_43' title="bbox 1564 1569 1598 1597; baseline -0.029 0"><span class='ocrx_word' id='word_1_327' title='bbox 1564 1569 1598 1597; x_wconf 83' lang='grc'>11</span> 
     </span>
    </p>
   </div>
  </div>
 </body>
</html>
