1804 2926
225 159 280 201 30
521 170 672 205 LIBER
698 172 906 216 xxxxv,
932 172 963 206 2.
985 173 1017 206 3.
1044 174 1285 216 [aaronem

180 287 198 315 ε)
225 272 348 313 bibus
381 274 639 315 lucustarum
670 285 912 330 coopertum
945 291 1054 324 esse,
1090 276 1133 316 in
1167 276 1332 317 Gallico
1365 291 1465 332 agro
1499 292 1580 331 qua

223 333 491 377 induceretur
516 345 700 378 aratrum
726 339 804 378 sub
830 338 1103 380 existentibus
1129 338 1264 393 glebis
1289 339 1424 393 pisces
1450 354 1582 381 emer-

178 410 196 440 6
224 397 339 438 sisse.
400 397 454 438 ob
479 397 583 439 haec
613 400 806 455 prodigia
836 401 931 441 libri
955 401 1104 442 fatales
1136 401 1313 455 inspecti
1339 401 1582 456 editumque

223 460 276 500 ab
303 460 548 502 decemviris
575 470 649 510 est,
675 470 716 502 et
741 463 893 515 quibus
919 463 996 504 diis
1023 463 1260 516 quibusque
1286 462 1430 504 hostiis
1456 463 1583 504 sacri-

179 535 195 564 7
222 522 417 563 ficaretur
443 530 483 564 ct
513 531 559 564 ut
591 525 840 579 supplicatio
871 526 1072 581 prodigiis
1105 525 1323 581 expiandis
1355 526 1473 567 fieret
1499 524 1581 581 [et]

222 586 373 634 altera,
410 599 518 640 quae
550 586 688 641 priore
720 602 829 628 anno
860 588 1111 629 valetudinis
1148 588 1293 643 populi
1325 604 1453 629 eausa
1485 596 1583 629 vota

222 656 345 698 esset,
371 663 420 690 ea
445 648 505 689 uti
531 647 688 704 [fieret]
711 650 923 704 feriaeque
949 660 1100 692 essent.
1137 651 1279 705 itaque
1305 651 1582 693 sacrificatum

221 717 303 759 est,
333 718 378 751 ut
411 711 636 752 decemviri
661 712 861 767 scriptum
887 713 1120 754 ediderunt.

179 784 193 811 1
276 773 360 813 ΙΙΙ.
397 772 562 814 Eodem
588 789 697 815 anno
724 775 838 816 aedis
863 775 1037 816 Iunonis
1065 775 1267 817 Laciniae
1297 775 1473 817 detecta,
1525 774 1579 827 Q.

220 834 398 876 Fulvius
422 834 603 876 Flaccus
629 851 776 877 censor
801 837 949 878 aedem
968 837 1183 878 Fortunae
1209 837 1427 890 equestris,
1453 852 1580 891 quam

220 896 264 937 in
294 897 504 952 Hispania
533 908 704 952 praetor
740 899 849 940 bello
883 897 1135 940 Celtiberico
1173 908 1364 948 voverat,
1401 899 1583 941 faciebat

221 958 344 999 enixo
375 958 534 1009 studio,
571 975 624 1001 ne
655 961 790 1001 ullum
815 961 977 1002 Romae
1009 961 1188 1015 amplius
1214 968 1287 1002 aut
1311 960 1583 1015 magnificen-

177 1032 194 1060 2
221 1021 302 1061 tius
335 1022 540 1076 templum
571 1030 692 1064 esset.
752 1038 956 1078 magnum
988 1032 1181 1064 ornatum
1208 1023 1247 1064 ei
1278 1024 1435 1077 templo
1466 1030 1582 1064 ratus

221 1084 499 1133 adiecturum,
533 1085 567 1125 si
603 1085 771 1139 tegulae
809 1100 1067 1127 marmoreae
1100 1094 1256 1135 essent,
1293 1086 1505 1140 profectus
1541 1086 1584 1126 in

220 1147 392 1188 Brittios
419 1147 566 1189 aedem
585 1147 760 1188 Iunonis
781 1147 983 1189 Laciniae
1009 1148 1063 1189 ad
1088 1157 1251 1203 partem
1271 1148 1489 1190 dimidiam
1512 1148 1584 1190 de-

220 1209 341 1264 tegit,
367 1209 409 1250 id
434 1210 535 1251 satis
560 1210 650 1251 fore
675 1222 789 1252 ratus
815 1211 869 1251 ad
894 1211 1125 1266 tegendum
1145 1211 1260 1265 quod
1280 1211 1582 1252 aedificaretur.

176 1282 194 1310 3
220 1286 348 1312 naves
373 1280 545 1326 paratae
570 1272 761 1321 fuerunt,
793 1287 902 1326 quae
933 1274 1125 1314 tollerent
1150 1282 1276 1326 atque
1308 1280 1584 1328 asportarent,

220 1334 467 1375 auctoritate
493 1335 680 1376 censoria
705 1335 827 1376 sociis
854 1335 1061 1377 deterritis
1086 1336 1129 1376 id
1154 1335 1419 1390 sacrilegium
1442 1335 1584 1390 prohi-

177 1407 196 1435 4
222 1395 333 1438 bere.
369 1405 597 1451 postquam
622 1412 769 1439 censor
793 1398 929 1447 rediit,
955 1399 1124 1453 tegulae
1149 1398 1364 1453 expositae
1390 1398 1442 1440 de
1465 1397 1583 1439 navi-

220 1457 300 1498 bus
330 1459 384 1499 ad
420 1460 623 1514 templum
654 1461 942 1514 portabantur.
1010 1475 1268 1514 quamquam
1299 1460 1411 1501 unde
1443 1468 1582 1501 essent

176 1532 194 1560 ῑ)
221 1520 440 1570 silebatur,
476 1536 561 1562 non
592 1529 733 1563 tamen
771 1523 896 1563 celari
931 1523 1081 1577 potuit.
1153 1523 1345 1564 fremitus
1375 1522 1505 1577 igitur
1539 1523 1582 1564 in

221 1582 336 1624 curia
350 1590 463 1624 ortus
480 1592 562 1634 est3
588 1599 640 1625 ex
660 1584 854 1625 erunibus
874 1585 1063 1639 partibus
1083 1585 1389 1639 postulabatur,
1415 1592 1461 1625 ut
1484 1599 1582 1627 con-

220 1646 330 1686 sules
357 1660 450 1686 eam
474 1661 563 1688 rem
588 1647 642 1687 ad
668 1656 860 1688 senatum
884 1647 1100 1688 referrent.
1155 1656 1202 1687 ut
1225 1662 1324 1688 vero
1356 1647 1582 1689 accersitus

220 1707 264 1748 in
284 1707 443 1749 curiam
462 1723 610 1751 censor
628 1710 756 1759 venit,
777 1711 908 1750 multo
928 1710 1120 1751 infestius
1140 1710 1293 1765 singuli
1313 1710 1582 1764 universique

177 1782 194 1812 G
221 1778 484 1824 praesentem
527 1772 731 1813 lacerare:
775 1773 979 1827 templum
1016 1772 1363 1826 augustissimum
1399 1773 1582 1827 regionis

221 1833 324 1882 01115,
349 1834 463 1886 quod
487 1849 571 1875 non
589 1834 797 1889 Pyrrhus,
821 1850 906 1875 non
919 1835 1136 1875 Hannibal
1161 1835 1400 1883 violassent,
1426 1835 1582 1876 violare

220 1910 368 1949 parum
394 1896 610 1946 habuisse,
642 1897 723 1938 nisi
748 1897 970 1938 detexisset
996 1897 1119 1938 foede
1145 1912 1193 1938 ac
1217 1912 1348 1952 prope
1375 1897 1581 1939 diruisset.

178 1971 193 1998 7
222 1957 457 1998 detraetmn
475 1959 642 2000 culmen
666 1959 836 2014 templo,
862 1959 1065 2000 nudatum
1089 1967 1247 2000 tectum
1271 1968 1414 2014 patere
1438 1959 1583 2000 imbri-

222 2019 300 2061 bus
332 2020 712 2074 putrefaeiendum.
758 2022 884 2076 quid?
916 2037 1132 2063 censorem
1163 2022 1350 2062 moribus
1387 2022 1583 2077 regendis

223 2092 423 2132 creatum,
451 2083 518 2124 cui
544 2092 655 2125 sarta
679 2091 789 2125 tecta
814 2085 984 2139 exigere
1016 2085 1145 2125 sacris
1169 2084 1349 2139 publicis
1380 2092 1419 2125 et
1444 2085 1583 2126 locare

177 2158 196 2186 s
223 2146 379 2186 tuenda
403 2160 519 2187 more
544 2146 752 2187 maiorum
777 2147 978 2187 traditum
1004 2154 1126 2195 esset,
1154 2162 1250 2188 eum
1275 2161 1349 2201 per
1373 2147 1582 2187 sociorum

221 2208 347 2248 urbes
378 2208 613 2250 diruentem
643 2210 800 2264 templa
830 2210 1144 2263 nudantemque
1181 2216 1292 2250 tecta
1317 2208 1485 2250 aedium
1517 2224 1582 2250 sa-

223 2284 388 2310 crarum
420 2271 566 2325 vagari
590 2279 630 2312 et
656 2271 789 2324 quod,
824 2272 858 2312 si
882 2271 926 2312 in
950 2271 1124 2326 privatis
1151 2271 1358 2311 sociorum
1384 2270 1582 2312 aedificiis

223 2331 399 2380 faceret,
435 2332 656 2387 indignum
689 2333 821 2374 videri
850 2344 1013 2388 posset,
1049 2334 1093 2374 id
1124 2334 1249 2374 deum
1284 2333 1582 2374 immortalium

179 2402 196 2432 9
224 2393 517 2434 demolientem
536 2395 689 2444 faeere,
716 2404 755 2437 et
775 2397 1036 2452 obstringere
1055 2397 1256 2451 religione
1281 2396 1484 2451 populum
1497 2396 1582 2437 Ro-

223 2470 408 2502 manum,
434 2457 563 2497 ruinis
583 2459 835 2511 templorum
860 2460 1017 2513 templa
1037 2459 1343 2507 aedificantem,
1369 2466 1582 2512 tamquam

223 2532 308 2558 non
332 2517 444 2558 idem
475 2519 634 2571 ubique
660 2519 702 2559 di
726 2520 983 2561 immortales
1010 2521 1111 2569 sint,
1138 2521 1212 2562 sed
1237 2521 1379 2576 spoliis
1405 2520 1581 2561 aliorum

161 2589 200 2618 10
226 2579 280 2620 ali
317 2580 480 2620 colendi
516 2581 841 2634 exornandique.
909 2596 1025 2631 eum,
1062 2583 1308 2636 priusquam
1343 2582 1579 2629 referretur,

227 2650 467 2696 appareret,
493 2642 594 2696 quid
620 2643 818 2685 sentirent
845 2651 997 2698 patres,
1024 2645 1223 2685 relatione
1249 2644 1361 2686 faeta
1385 2644 1427 2684 in
1451 2658 1578 2684 unam
