1804 2926
242 340 259 368 t}

242 650 257 677 *1

220 1271 257 1299 10

220 1518 253 1546 ll

288 151 342 192 82
560 161 710 195 LIBER
736 162 942 205 xxxml,
968 163 1022 195 63.
1043 163 1097 195 64.
1127 164 1175 205 [a.
1191 162 1366 205 u.e.583]

286 274 418 312 ratus,
451 264 564 317 quod
589 279 672 317 qua
697 272 812 319 parte
840 266 958 319 palus
985 265 1132 305 urbem
1158 265 1285 319 cingit
1319 280 1395 306 nec
1427 266 1637 307 adtinebat

286 326 520 381 oppugnari
547 341 623 367 nec
648 335 820 381 poterat.
858 327 947 382 ipse
970 328 1022 368 ab
1045 344 1093 368 ea
1117 335 1248 382 parte,
1275 342 1358 380 qua
1378 328 1485 369 duae
1506 336 1640 369 turres

285 389 481 442 quodque
506 388 613 429 inter
639 404 708 429 eas
733 389 840 429 muri
865 390 998 430 fuerat
1027 388 1292 444 [eoi-ruerat]
1319 389 1401 430 duo
1427 390 1540 431 milia
1564 391 1641 431 mi-

286 451 403 492 litum
430 450 686 492 delectorum
712 451 909 501 admovit,
936 451 1022 507 [ut]
1051 452 1197 493 eodem
1218 460 1417 506 tempore,
1443 467 1525 506 quo
1550 453 1639 507 ipse

285 514 577 555 transcendere
608 514 748 554 ruinas
776 523 1014 563 conaretur,
1041 529 1246 555 concursu
1273 515 1472 555 adversus
1498 530 1541 555 se
1567 529 1641 568 op-

284 576 533 630 pidanorum
565 576 677 616 facto
710 576 831 617 scalis
862 591 995 618 vacua
1027 577 1317 618 defensoribus
1350 577 1516 617 moenia
1547 577 1638 631 capi

284 647 401 692 parte
432 639 571 692 aliqua
602 646 782 693 possent.
842 638 956 679 haud
988 640 1171 694 segniter
1201 640 1398 694 oppidani
1430 639 1514 679 vim
1551 639 1639 681 eius

285 715 424 742 arcere
450 708 611 755 parant.
660 716 757 740 nam
784 715 910 755 super
935 709 1111 742 stratum
1135 702 1264 742 ruinis
1290 702 1428 742 locum
1453 701 1638 742 fascibus

284 762 409 802 aridis
435 770 740 803 sarmentorum
773 762 933 803 iniectis
960 770 1115 804 stantes
1142 778 1236 804 cum
1263 763 1505 804 ardentibus
1536 762 1639 804 faci-

283 824 362 865 bus
388 839 636 865 accensuros
661 840 754 865 eam
780 840 823 866 se
849 839 1017 879 saepem
1048 825 1336 874 minabantur,
1373 833 1416 865 ut
1443 824 1635 866 incendio

284 885 527 940 intersaepti
563 886 616 926 ab
649 886 766 927 hoste
798 887 979 941 spatium
1016 887 1070 927 ad
1101 887 1365 927 obiciendum
1401 888 1637 928 interiorem

283 961 451 987 murum
486 947 701 988 haberent.
762 948 875 1000 quod
905 948 1118 1002 inceptum
1152 963 1296 989 eorum
1326 948 1411 989 fors
1446 949 1638 1003 inpediit3

284 1024 383 1050 nam
419 1016 559 1049 tantus
596 1016 768 1063 repente
805 1009 964 1050 effusus
1001 1017 1063 1050 est
1098 1010 1249 1059 imber,
1285 1017 1331 1050 ut
1361 1025 1438 1051 nec
1468 1011 1639 1052 accendi

239 1085 246 1111 t
284 1071 405 1112 facile
430 1079 644 1126 pateretur
669 1080 708 1112 et
740 1072 1001 1126 extingueret
1027 1087 1214 1113 accensa.
1274 1073 1415 1126 itaque
1441 1081 1482 1114 et
1506 1080 1639 1114 trans-

282 1133 363 1173 itus
399 1148 474 1188 per
506 1133 704 1174 distracta
742 1133 947 1174 fumantia
985 1133 1168 1188 virgulta
1204 1135 1339 1188 patuit
1371 1142 1412 1176 et
1441 1135 1484 1175 in
1515 1135 1638 1176 unius

283 1194 362 1235 loci
393 1195 647 1250 praesidium
677 1196 870 1237 omnibus
903 1196 1034 1237 versis
1065 1196 1231 1238 moenia
1256 1211 1424 1250 quoque
1448 1197 1638 1252 pluribus

283 1257 406 1299 simul
430 1258 619 1313 partibus
646 1258 767 1300 scalis
794 1258 1029 1313 capiuntur.
1067 1259 1110 1299 in
1135 1259 1269 1313 primo
1290 1260 1471 1300 tumultu
1491 1267 1637 1314 captae

282 1320 397 1360 urbis
441 1320 624 1362 seniores
660 1319 944 1375 inpubesque,
986 1334 1091 1375 quos
1135 1336 1256 1362 casus
1293 1321 1437 1362 obvios
1474 1321 1638 1370 obtulit,

281 1382 437 1436 passim
463 1382 591 1431 caesi3
618 1381 768 1423 armati
787 1382 829 1422 in
850 1397 987 1423 arcem
1008 1382 1288 1437 confugerunt
1308 1391 1348 1424 et
1372 1390 1538 1438 postero
1559 1383 1638 1431 die,

282 1459 378 1484 cum
415 1444 504 1499 spei
539 1442 642 1485 nihil
680 1452 936 1499 superesset,
973 1445 1184 1486 deditione
1222 1445 1335 1486 facta
1371 1446 1449 1486 sub
1486 1459 1637 1486 corona

282 1506 513 1547 venierunt.
573 1506 741 1547 fuerunt
768 1515 910 1547 autem
936 1506 1019 1547 duo
1043 1507 1158 1548 milia
1183 1507 1315 1548 ferme
1340 1516 1380 1548 et
1405 1507 1634 1561 quingenti.

283 1577 526 1608 ornamenta
557 1568 691 1617 urbis,
724 1576 885 1609 statuae
917 1576 955 1609 et
988 1569 1156 1609 tabulae
1181 1569 1336 1623 pictae,
1369 1577 1409 1609 et
1433 1569 1636 1622 quidquid

282 1629 488 1684 pretiosae
519 1630 700 1684 praedae
726 1630 825 1678 fuit,
857 1630 911 1670 ad
934 1645 1063 1671 naves
1089 1631 1293 1680 delatum3
1325 1631 1425 1672 urbs
1451 1631 1587 1672 diruta
1612 1647 1636 1672 a

282 1691 577 1732 fundamentis.
626 1692 723 1734 inde
749 1691 918 1734 Thebas
945 1693 1095 1733 ductus
1121 1693 1345 1742 exercitus3
1371 1693 1523 1747 quibus
1549 1694 1636 1734 sine

283 1754 507 1795 certamine
532 1754 709 1808 receptis
734 1754 883 1796 urbem
908 1755 1076 1795 tradidit
1102 1755 1294 1795 exulibus
1321 1763 1361 1796 et
1385 1755 1457 1809 qui
1481 1755 1637 1796 Roma-

281 1831 431 1856 norum
451 1816 580 1870 partis
596 1827 725 1865 erant,
746 1817 946 1858 adversae
967 1817 1159 1858 factionis
1174 1817 1390 1858 hominum
1404 1818 1637 1858 fautorum-

281 1892 362 1931 que
395 1878 504 1932 regis
537 1893 584 1919 ae
610 1878 897 1919 Macedonum
929 1879 1108 1920 familias
1140 1879 1218 1920 sub
1251 1894 1405 1920 corona
1436 1880 1634 1921 vendidit.

280 1939 344 1980 his
369 1940 498 1994 gestis
523 1940 565 1980 in
590 1941 766 1981 Boeotia
792 1941 845 1981 ad
869 1956 984 1982 mare
1009 1956 1058 1982 ao
1082 1957 1211 1982 naves
1236 1942 1370 1983 rediit.

366 2001 562 2043 LXHH.
602 2001 713 2044 Cum
745 2002 850 2044 haee
880 2003 923 2043 in
953 2003 1131 2045 Boeotia
1159 2012 1422 2058 gererentur,
1453 2003 1634 2046 Perseus

281 2063 333 2103 ad
368 2063 594 2105 Sucurium
632 2065 784 2106 stativa
821 2065 982 2106 dierum
1018 2066 1175 2119 aliquot
1211 2066 1370 2106 habuit.
1430 2066 1503 2107 ubi
1539 2081 1635 2107 eum

280 2125 464 2166 audisset
493 2126 643 2180 raptim
669 2127 883 2168 Romanos
917 2128 1025 2168 circa
1057 2142 1108 2168 cx
1140 2128 1251 2182 agris
1283 2128 1519 2169 demessum
1549 2128 1636 2168 fru-

281 2194 467 2228 mentum
505 2188 757 2238 convehere,
794 2188 945 2230 deinde
983 2197 1078 2231 ante
1111 2205 1187 2230 sua
1218 2204 1428 2243 quemque
1458 2190 1636 2231 tentoria

281 2249 416 2303 spicas
442 2249 626 2291 fascibus
652 2251 937 2301 desecantem,
968 2266 1052 2305 quo
1076 2252 1222 2306 purius
1247 2252 1504 2293 frumentum
1529 2259 1636 2293 tere-

280 2319 353 2359 ret,
378 2311 559 2365 ingentis
580 2327 751 2354 acervos
770 2329 845 2368 per
866 2321 952 2354 tota
971 2321 1107 2355 castra
1127 2321 1447 2355 stramentorum
1472 2313 1635 2363 fecisse,

281 2381 395 2412 ratus
426 2373 619 2414 incendio
651 2384 886 2429 opportuna
911 2391 1021 2425 esse,
1052 2376 1166 2417 faces
1191 2376 1442 2430 taedamque
1468 2383 1509 2417 et
1532 2377 1636 2417 mal-

280 2433 410 2473 leolos
436 2441 612 2489 stuppae
643 2436 781 2477 inlitos
812 2438 903 2492 pice
928 2438 1068 2492 parari
1092 2438 1226 2488 iubet3
1261 2447 1386 2492 atque
1416 2438 1474 2479 ita
1498 2438 1636 2480 media

281 2502 401 2536 nocte
432 2496 663 2549 profectus,
700 2507 747 2539 ut
777 2499 911 2553 prima
943 2500 1036 2542 luce
1069 2501 1293 2556 adgressus
1329 2501 1503 2542 falleret.
1562 2515 1635 2540 ne-

282 2556 495 2609 quiquam.
543 2558 702 2618 primae
727 2561 923 2602 stationes
950 2576 1174 2616 oppressae
1198 2563 1379 2603 tumultu
1405 2577 1454 2603 ac
1478 2570 1633 2603 terrore

282 2632 357 2658 suo
395 2626 553 2660 ceteros
597 2620 901 2670 excitaverunt,
944 2623 1196 2678 signumque
1240 2625 1383 2665 datum
1421 2632 1480 2665 est
1520 2638 1633 2663 arma
