<?xml version="1.0" encoding="UTF-8"?>
<!DOCTYPE html PUBLIC "-//W3C//DTD XHTML 1.0 Transitional//EN"
    "http://www.w3.org/TR/xhtml1/DTD/xhtml1-transitional.dtd">
<html xmlns="http://www.w3.org/1999/xhtml" xml:lang="en" lang="en">
 <head>
  <title>
</title>
<meta http-equiv="Content-Type" content="text/html;charset=utf-8" />
  <meta name='ocr-system' content='tesseract 3.04.00' />
  <meta name='ocr-capabilities' content='ocr_page ocr_carea ocr_par ocr_line ocrx_word'/>
</head>
<body>
  <div class='ocr_page' id='page_1' title='image "./aburbeconditalib04livyuoft_0223.png"; bbox 0 0 1804 2926; ppageno 0'>
   <div class='ocr_carea' id='block_1_1' title="bbox 486 149 1562 200">
    <p class='ocr_par' dir='ltr' id='par_1_1' title="bbox 486 149 1562 200">
     <span class='ocr_line' id='line_1_1' title="bbox 486 149 1562 200; baseline -0.003 -8"><span class='ocrx_word' id='word_1_1' title='bbox 486 158 636 192; x_wconf 76' lang='lat' dir='ltr'>LIBER</span> <span class='ocrx_word' id='word_1_2' title='bbox 659 155 905 198; x_wconf 76' lang='lat' dir='ltr'>xxxxnn,</span> <span class='ocrx_word' id='word_1_3' title='bbox 932 156 987 190; x_wconf 82' lang='lat'>45.</span> <span class='ocrx_word' id='word_1_4' title='bbox 1007 155 1061 189; x_wconf 75' lang='lat'>46.</span> <span class='ocrx_word' id='word_1_5' title='bbox 1090 156 1192 199; x_wconf 68' lang='lat' dir='ltr'>[ac.</span> <span class='ocrx_word' id='word_1_6' title='bbox 1208 157 1290 200; x_wconf 83' lang='lat'>168]</span> <span class='ocrx_word' id='word_1_7' title='bbox 1482 149 1562 190; x_wconf 82' lang='grc'>149</span> 
     </span>
    </p>
   </div>
   <div class='ocr_carea' id='block_1_2' title="bbox 199 259 1619 2231">
    <p class='ocr_par' dir='ltr' id='par_1_2' title="bbox 199 259 1619 2231">
     <span class='ocr_line' id='line_1_2' title="bbox 216 259 1559 317; baseline -0.002 -11"><span class='ocrx_word' id='word_1_8' title='bbox 216 265 411 317; x_wconf 79' lang='lat' dir='ltr'>deinceps</span> <span class='ocrx_word' id='word_1_9' title='bbox 447 261 579 302; x_wconf 87' lang='lat' dir='ltr'>omnis</span> <span class='ocrx_word' id='word_1_10' title='bbox 609 259 739 300; x_wconf 84' lang='lat' dir='ltr'>ferme</span> <span class='ocrx_word' id='word_1_11' title='bbox 772 259 1023 299; x_wconf 88' lang='lat' dir='ltr'>Macedonia</span> <span class='ocrx_word' id='word_1_12' title='bbox 1059 259 1167 300; x_wconf 85' lang='lat' dir='ltr'>intra</span> <span class='ocrx_word' id='word_1_13' title='bbox 1202 260 1375 302; x_wconf 88' lang='lat' dir='ltr'>biduum</span> <span class='ocrx_word' id='word_1_14' title='bbox 1407 261 1559 303; x_wconf 87' lang='lat' dir='ltr'>dedita.</span> 
     </span>
     <span class='ocr_line' id='line_1_3' title="bbox 214 321 1605 380; baseline -0.001 -13"><span class='ocrx_word' id='word_1_15' title='bbox 214 324 422 380; x_wconf 85' lang='lat' dir='ltr'>Pydnaei,</span> <span class='ocrx_word' id='word_1_16' title='bbox 459 322 530 375; x_wconf 90' lang='lat' dir='ltr'>qui</span> <span class='ocrx_word' id='word_1_17' title='bbox 560 321 738 375; x_wconf 79' lang='lat' dir='ltr'>proximi</span> <span class='ocrx_word' id='word_1_18' title='bbox 763 328 898 369; x_wconf 86' lang='lat' dir='ltr'>erant,</span> <span class='ocrx_word' id='word_1_19' title='bbox 935 321 1120 361; x_wconf 88' lang='lat' dir='ltr'>nondum</span> <span class='ocrx_word' id='word_1_20' title='bbox 1153 322 1350 364; x_wconf 75' lang='lat' dir='ltr'>miserant</span> <span class='ocrx_word' id='word_1_21' title='bbox 1379 323 1560 378; x_wconf 80' lang='lat' dir='ltr'>legatos;</span> <span class='ocrx_word' id='word_1_22' title='bbox 1587 338 1605 367; x_wconf 77' lang='grc'>6</span> 
     </span>
     <span class='ocr_line' id='line_1_4' title="bbox 212 383 1561 439; baseline -0.001 -10"><span class='ocrx_word' id='word_1_23' title='bbox 212 386 432 429; x_wconf 89' lang='lat' dir='ltr'>multitudo</span> <span class='ocrx_word' id='word_1_24' title='bbox 446 384 656 425; x_wconf 89' lang='lat' dir='ltr'>incondita</span> <span class='ocrx_word' id='word_1_25' title='bbox 676 383 857 438; x_wconf 90' lang='lat' dir='ltr'>plurium</span> <span class='ocrx_word' id='word_1_26' title='bbox 871 383 994 423; x_wconf 81' lang='lat' dir='ltr'>simul</span> <span class='ocrx_word' id='word_1_27' title='bbox 1013 383 1201 437; x_wconf 81' lang='lat' dir='ltr'>gentium</span> <span class='ocrx_word' id='word_1_28' title='bbox 1214 384 1433 439; x_wconf 86' lang='lat' dir='ltr'>turbaque,</span> <span class='ocrx_word' id='word_1_29' title='bbox 1453 400 1561 439; x_wconf 84' lang='lat' dir='ltr'>quae</span> 
     </span>
     <span class='ocr_line' id='line_1_5' title="bbox 213 444 1561 501; baseline -0.001 -10"><span class='ocrx_word' id='word_1_30' title='bbox 213 465 264 491; x_wconf 84' lang='lat' dir='ltr'>ex</span> <span class='ocrx_word' id='word_1_31' title='bbox 289 448 375 489; x_wconf 86' lang='lat' dir='ltr'>acie</span> <span class='ocrx_word' id='word_1_32' title='bbox 401 447 505 501; x_wconf 79' lang='lat' dir='ltr'>fuga·</span> <span class='ocrx_word' id='word_1_33' title='bbox 522 446 564 486; x_wconf 90' lang='lat' dir='ltr'>in</span> <span class='ocrx_word' id='word_1_34' title='bbox 584 460 715 485; x_wconf 90' lang='lat' dir='ltr'>unum</span> <span class='ocrx_word' id='word_1_35' title='bbox 738 444 937 499; x_wconf 89' lang='lat' dir='ltr'>conpulsa</span> <span class='ocrx_word' id='word_1_36' title='bbox 956 453 1056 494; x_wconf 89' lang='lat' dir='ltr'>erat,</span> <span class='ocrx_word' id='word_1_37' title='bbox 1084 446 1301 487; x_wconf 90' lang='lat' dir='ltr'>consilium</span> <span class='ocrx_word' id='word_1_38' title='bbox 1328 455 1368 488; x_wconf 84' lang='lat' dir='ltr'>et</span> <span class='ocrx_word' id='word_1_39' title='bbox 1388 462 1561 489; x_wconf 88' lang='lat' dir='ltr'>consen-</span> 
     </span>
     <span class='ocr_line' id='line_1_6' title="bbox 211 507 1560 563; baseline 0 -12"><span class='ocrx_word' id='word_1_40' title='bbox 211 526 302 552; x_wconf 89' lang='lat' dir='ltr'>sum</span> <span class='ocrx_word' id='word_1_41' title='bbox 334 508 511 550; x_wconf 84' lang='lat' dir='ltr'>civitatis</span> <span class='ocrx_word' id='word_1_42' title='bbox 543 507 800 561; x_wconf 77' lang='lat' dir='ltr'>inpediebat,</span> <span class='ocrx_word' id='word_1_43' title='bbox 831 522 909 548; x_wconf 90' lang='lat' dir='ltr'>nec</span> <span class='ocrx_word' id='word_1_44' title='bbox 940 507 1105 549; x_wconf 87' lang='lat' dir='ltr'>clausae</span> <span class='ocrx_word' id='word_1_45' title='bbox 1131 509 1255 550; x_wconf 90' lang='lat' dir='ltr'>modo</span> <span class='ocrx_word' id='word_1_46' title='bbox 1286 516 1448 563; x_wconf 87' lang='lat' dir='ltr'>portae,</span> <span class='ocrx_word' id='word_1_47' title='bbox 1486 510 1560 551; x_wconf 89' lang='lat' dir='ltr'>sed</span> 
     </span>
     <span class='ocr_line' id='line_1_7' title="bbox 211 569 1602 614; baseline -0.003 0"><span class='ocrx_word' id='word_1_48' title='bbox 211 573 333 614; x_wconf 90' lang='lat' dir='ltr'>etiam</span> <span class='ocrx_word' id='word_1_49' title='bbox 353 570 640 611; x_wconf 83' lang='lat' dir='ltr'>inaedificatae</span> <span class='ocrx_word' id='word_1_50' title='bbox 660 576 789 610; x_wconf 88' lang='lat' dir='ltr'>erant.</span> <span class='ocrx_word' id='word_1_51' title='bbox 826 569 940 609; x_wconf 86' lang='lat' dir='ltr'>missi</span> <span class='ocrx_word' id='word_1_52' title='bbox 953 569 1103 610; x_wconf 82' lang='lat' dir='ltr'>Midon</span> <span class='ocrx_word' id='word_1_53' title='bbox 1129 578 1169 611; x_wconf 89' lang='lat' dir='ltr'>et</span> <span class='ocrx_word' id='word_1_54' title='bbox 1182 570 1454 612; x_wconf 86' lang='lat' dir='ltr'>Pantauchus</span> <span class='ocrx_word' id='word_1_55' title='bbox 1481 571 1558 611; x_wconf 88' lang='lat' dir='ltr'>sub</span> <span class='ocrx_word' id='word_1_56' title='bbox 1586 585 1602 614; x_wconf 83' lang='lat'><strong>7</strong></span> 
     </span>
     <span class='ocr_line' id='line_1_8' title="bbox 209 630 1560 688; baseline 0 -14"><span class='ocrx_word' id='word_1_57' title='bbox 209 648 348 674; x_wconf 90' lang='lat' dir='ltr'>muros</span> <span class='ocrx_word' id='word_1_58' title='bbox 370 633 423 672; x_wconf 89' lang='lat' dir='ltr'>ad</span> <span class='ocrx_word' id='word_1_59' title='bbox 444 631 710 684; x_wconf 80' lang='lat' dir='ltr'>conloquium</span> <span class='ocrx_word' id='word_1_60' title='bbox 725 630 904 679; x_wconf 83' lang='lat' dir='ltr'>Solonis,</span> <span class='ocrx_word' id='word_1_61' title='bbox 931 631 1002 684; x_wconf 88' lang='lat' dir='ltr'>qui</span> <span class='ocrx_word' id='word_1_62' title='bbox 1026 632 1231 685; x_wconf 86' lang='lat' dir='ltr'>praesidio</span> <span class='ocrx_word' id='word_1_63' title='bbox 1252 641 1463 687; x_wconf 84' lang='lat' dir='ltr'>praeerat3</span> <span class='ocrx_word' id='word_1_64' title='bbox 1486 649 1560 688; x_wconf 84' lang='lat' dir='ltr'>per</span> 
     </span>
     <span class='ocr_line' id='line_1_9' title="bbox 208 693 1557 747; baseline -0.001 -11"><span class='ocrx_word' id='word_1_65' title='bbox 208 711 304 737; x_wconf 91' lang='lat' dir='ltr'>eum</span> <span class='ocrx_word' id='word_1_66' title='bbox 328 694 528 736; x_wconf 79' lang='lat' dir='ltr'>emittitur</span> <span class='ocrx_word' id='word_1_67' title='bbox 548 693 735 733; x_wconf 87' lang='lat' dir='ltr'>militaris</span> <span class='ocrx_word' id='word_1_68' title='bbox 762 693 896 733; x_wconf 87' lang='lat' dir='ltr'>turba.</span> <span class='ocrx_word' id='word_1_69' title='bbox 935 694 1133 747; x_wconf 90' lang='lat' dir='ltr'>oppidum</span> <span class='ocrx_word' id='word_1_70' title='bbox 1149 694 1334 735; x_wconf 88' lang='lat' dir='ltr'>deditum</span> <span class='ocrx_word' id='word_1_71' title='bbox 1355 695 1557 736; x_wconf 82' lang='lat' dir='ltr'>militibus</span> 
     </span>
     <span class='ocr_line' id='line_1_10' title="bbox 208 755 1600 811; baseline 0.001 -13"><span class='ocrx_word' id='word_1_72' title='bbox 208 758 330 798; x_wconf 87' lang='lat' dir='ltr'>datur</span> <span class='ocrx_word' id='word_1_73' title='bbox 355 756 645 811; x_wconf 88' lang='lat' dir='ltr'>diripiendum.</span> <span class='ocrx_word' id='word_1_74' title='bbox 688 755 883 803; x_wconf 86' lang='lat' dir='ltr'>Perseus,</span> <span class='ocrx_word' id='word_1_75' title='bbox 909 770 992 796; x_wconf 88' lang='lat' dir='ltr'>una</span> <span class='ocrx_word' id='word_1_76' title='bbox 1017 764 1179 796; x_wconf 91' lang='lat' dir='ltr'>tantum</span> <span class='ocrx_word' id='word_1_77' title='bbox 1205 772 1277 811; x_wconf 91' lang='lat' dir='ltr'>spe</span> <span class='ocrx_word' id='word_1_78' title='bbox 1302 757 1556 798; x_wconf 81' lang='lat' dir='ltr'>Bisaltarum</span> <span class='ocrx_word' id='word_1_79' title='bbox 1582 770 1600 800; x_wconf 78' lang='lat'>8</span> 
     </span>
     <span class='ocr_line' id='line_1_11' title="bbox 206 818 1557 873; baseline 0.001 -14"><span class='ocrx_word' id='word_1_80' title='bbox 206 819 333 860; x_wconf 79' lang='lat' dir='ltr'>auxili</span> <span class='ocrx_word' id='word_1_81' title='bbox 359 825 578 872; x_wconf 90' lang='lat' dir='ltr'>temptata,</span> <span class='ocrx_word' id='word_1_82' title='bbox 618 818 671 858; x_wconf 88' lang='lat' dir='ltr'>ad</span> <span class='ocrx_word' id='word_1_83' title='bbox 695 832 799 870; x_wconf 86' lang='lat' dir='ltr'>quos</span> <span class='ocrx_word' id='word_1_84' title='bbox 824 818 1079 870; x_wconf 77' lang='lat' dir='ltr'>nequiquam</span> <span class='ocrx_word' id='word_1_85' title='bbox 1106 819 1271 859; x_wconf 85' lang='lat' dir='ltr'>miserat</span> <span class='ocrx_word' id='word_1_86' title='bbox 1297 819 1478 873; x_wconf 77' lang='lat' dir='ltr'>legatos,</span> <span class='ocrx_word' id='word_1_87' title='bbox 1515 819 1557 859; x_wconf 91' lang='lat' dir='ltr'>in</span> 
     </span>
     <span class='ocr_line' id='line_1_12' title="bbox 207 879 1598 934; baseline 0.001 -14"><span class='ocrx_word' id='word_1_88' title='bbox 207 881 440 921; x_wconf 83' lang='lat' dir='ltr'>contionem</span> <span class='ocrx_word' id='word_1_89' title='bbox 471 879 669 934; x_wconf 82' lang='lat' dir='ltr'>processit</span> <span class='ocrx_word' id='word_1_90' title='bbox 702 879 944 934; x_wconf 83' lang='lat' dir='ltr'>Philippum</span> <span class='ocrx_word' id='word_1_91' title='bbox 972 895 1112 919; x_wconf 83' lang='lat' dir='ltr'>secum</span> <span class='ocrx_word' id='word_1_92' title='bbox 1138 880 1269 920; x_wconf 87' lang='lat' dir='ltr'>filium</span> <span class='ocrx_word' id='word_1_93' title='bbox 1295 880 1472 928; x_wconf 87' lang='lat' dir='ltr'>habens,</span> <span class='ocrx_word' id='word_1_94' title='bbox 1510 889 1553 921; x_wconf 86' lang='lat' dir='ltr'>ut</span> <span class='ocrx_word' id='word_1_95' title='bbox 1582 893 1598 921; x_wconf 83' lang='lat'><strong>9</strong></span> 
     </span>
     <span class='ocr_line' id='line_1_13' title="bbox 206 942 1556 996; baseline -0.001 -13"><span class='ocrx_word' id='word_1_96' title='bbox 206 950 247 983; x_wconf 81' lang='lat' dir='ltr'>ct</span> <span class='ocrx_word' id='word_1_97' title='bbox 270 943 380 996; x_wconf 84' lang='lat' dir='ltr'>ipsos</span> <span class='ocrx_word' id='word_1_98' title='bbox 407 942 774 996; x_wconf 72' lang='lat' dir='ltr'>Amphipolitanos</span> <span class='ocrx_word' id='word_1_99' title='bbox 801 949 838 982; x_wconf 91' lang='lat' dir='ltr'>et</span> <span class='ocrx_word' id='word_1_100' title='bbox 866 942 1052 994; x_wconf 87' lang='lat' dir='ltr'>equitum</span> <span class='ocrx_word' id='word_1_101' title='bbox 1078 942 1362 996; x_wconf 83' lang='lat' dir='ltr'>peditumque,</span> <span class='ocrx_word' id='word_1_102' title='bbox 1388 943 1459 995; x_wconf 90' lang='lat' dir='ltr'>qui</span> <span class='ocrx_word' id='word_1_103' title='bbox 1485 951 1556 983; x_wconf 86' lang='lat' dir='ltr'>aut</span> 
     </span>
     <span class='ocr_line' id='line_1_14' title="bbox 206 1003 1556 1058; baseline -0.001 -14"><span class='ocrx_word' id='word_1_104' title='bbox 206 1019 249 1044; x_wconf 86' lang='lat' dir='ltr'>se</span> <span class='ocrx_word' id='word_1_105' title='bbox 285 1004 491 1058; x_wconf 90' lang='lat' dir='ltr'>persecuti</span> <span class='ocrx_word' id='word_1_106' title='bbox 530 1011 599 1043; x_wconf 88' lang='lat' dir='ltr'>aut</span> <span class='ocrx_word' id='word_1_107' title='bbox 637 1003 740 1057; x_wconf 78' lang='lat' dir='ltr'>fuga</span> <span class='ocrx_word' id='word_1_108' title='bbox 776 1003 923 1044; x_wconf 91' lang='lat' dir='ltr'>eodem</span> <span class='ocrx_word' id='word_1_109' title='bbox 960 1003 1084 1044; x_wconf 90' lang='lat' dir='ltr'>delati</span> <span class='ocrx_word' id='word_1_110' title='bbox 1122 1011 1258 1052; x_wconf 85' lang='lat' dir='ltr'>crant,</span> <span class='ocrx_word' id='word_1_111' title='bbox 1297 1003 1556 1044; x_wconf 81' lang='lat' dir='ltr'>adhortando</span> 
     </span>
     <span class='ocr_line' id='line_1_15' title="bbox 205 1065 1619 1120; baseline 0.001 -15"><span class='ocrx_word' id='word_1_112' title='bbox 205 1066 363 1106; x_wconf 84' lang='lat' dir='ltr'>animos</span> <span class='ocrx_word' id='word_1_113' title='bbox 396 1065 670 1106; x_wconf 87' lang='lat' dir='ltr'>confirmaret.</span> <span class='ocrx_word' id='word_1_114' title='bbox 736 1065 808 1105; x_wconf 90' lang='lat' dir='ltr'>sed</span> <span class='ocrx_word' id='word_1_115' title='bbox 839 1065 1086 1118; x_wconf 72' lang='lat' dir='ltr'>aliquotiens</span> <span class='ocrx_word' id='word_1_116' title='bbox 1118 1066 1253 1106; x_wconf 83' lang='lat' dir='ltr'>dicere</span> <span class='ocrx_word' id='word_1_117' title='bbox 1285 1065 1551 1120; x_wconf 82' lang='lat' dir='ltr'>incipientem</span> <span class='ocrx_word' id='word_1_118' title='bbox 1580 1077 1619 1107; x_wconf 80' lang='lat' dir='ltr'>lo</span> 
     </span>
     <span class='ocr_line' id='line_1_16' title="bbox 205 1126 1551 1180; baseline 0 -13"><span class='ocrx_word' id='word_1_119' title='bbox 205 1142 299 1167; x_wconf 93' lang='lat' dir='ltr'>cum</span> <span class='ocrx_word' id='word_1_120' title='bbox 334 1126 528 1167; x_wconf 83' lang='lat' dir='ltr'>lacrimae</span> <span class='ocrx_word' id='word_1_121' title='bbox 565 1126 897 1180; x_wconf 78' lang='lat' dir='ltr'>praepedissent,</span> <span class='ocrx_word' id='word_1_122' title='bbox 934 1127 1031 1179; x_wconf 90' lang='lat' dir='ltr'>quia</span> <span class='ocrx_word' id='word_1_123' title='bbox 1061 1126 1150 1180; x_wconf 87' lang='lat' dir='ltr'>ipse</span> <span class='ocrx_word' id='word_1_124' title='bbox 1188 1127 1346 1167; x_wconf 88' lang='lat' dir='ltr'>hiscere</span> <span class='ocrx_word' id='word_1_125' title='bbox 1378 1127 1551 1180; x_wconf 88' lang='lat' dir='ltr'>nequiit,</span> 
     </span>
     <span class='ocr_line' id='line_1_17' title="bbox 204 1187 1552 1241; baseline -0.001 -12"><span class='ocrx_word' id='word_1_126' title='bbox 204 1188 403 1229; x_wconf 85' lang='lat' dir='ltr'>Euandro</span> <span class='ocrx_word' id='word_1_127' title='bbox 419 1187 606 1229; x_wconf 81' lang='lat' dir='ltr'>Cretensi</span> <span class='ocrx_word' id='word_1_128' title='bbox 634 1189 766 1235; x_wconf 84' lang='lat' dir='ltr'>editis,</span> <span class='ocrx_word' id='word_1_129' title='bbox 793 1202 899 1240; x_wconf 90' lang='lat' dir='ltr'>quae</span> <span class='ocrx_word' id='word_1_130' title='bbox 923 1188 989 1241; x_wconf 79' lang='lat' dir='ltr'>agi</span> <span class='ocrx_word' id='word_1_131' title='bbox 1011 1203 1105 1228; x_wconf 89' lang='lat' dir='ltr'>cum</span> <span class='ocrx_word' id='word_1_132' title='bbox 1131 1189 1395 1229; x_wconf 87' lang='lat' dir='ltr'>multitudine</span> <span class='ocrx_word' id='word_1_133' title='bbox 1415 1189 1552 1237; x_wconf 80' lang='lat' dir='ltr'>vellet,</span> 
     </span>
     <span class='ocr_line' id='line_1_18' title="bbox 204 1250 1616 1305; baseline -0.001 -14"><span class='ocrx_word' id='word_1_134' title='bbox 204 1252 254 1292; x_wconf 91' lang='lat' dir='ltr'>de</span> <span class='ocrx_word' id='word_1_135' title='bbox 291 1252 444 1305; x_wconf 87' lang='lat' dir='ltr'>templo</span> <span class='ocrx_word' id='word_1_136' title='bbox 482 1251 706 1291; x_wconf 88' lang='lat' dir='ltr'>descendit.</span> <span class='ocrx_word' id='word_1_137' title='bbox 779 1250 998 1290; x_wconf 89' lang='lat' dir='ltr'>multitudo</span> <span class='ocrx_word' id='word_1_138' title='bbox 1041 1250 1148 1291; x_wconf 86' lang='lat' dir='ltr'>sicut</span> <span class='ocrx_word' id='word_1_139' title='bbox 1192 1251 1244 1291; x_wconf 92' lang='lat' dir='ltr'>ad</span> <span class='ocrx_word' id='word_1_140' title='bbox 1281 1258 1550 1305; x_wconf 83' lang='lat' dir='ltr'>conspectum</span> <span class='ocrx_word' id='word_1_141' title='bbox 1580 1262 1616 1291; x_wconf 89' lang='grc'>11</span> 
     </span>
     <span class='ocr_line' id='line_1_19' title="bbox 202 1311 1553 1367; baseline 0.001 -15"><span class='ocrx_word' id='word_1_142' title='bbox 202 1313 311 1367; x_wconf 78' lang='lat' dir='ltr'>regis</span> <span class='ocrx_word' id='word_1_143' title='bbox 341 1313 568 1365; x_wconf 90' lang='lat' dir='ltr'>fletumque</span> <span class='ocrx_word' id='word_1_144' title='bbox 599 1320 685 1352; x_wconf 89' lang='lat' dir='ltr'>tam</span> <span class='ocrx_word' id='word_1_145' title='bbox 709 1311 989 1352; x_wconf 86' lang='lat' dir='ltr'>miserabilem</span> <span class='ocrx_word' id='word_1_146' title='bbox 1014 1319 1052 1352; x_wconf 87' lang='lat' dir='ltr'>et</span> <span class='ocrx_word' id='word_1_147' title='bbox 1085 1311 1176 1366; x_wconf 83' lang='lat' dir='ltr'>ipsa</span> <span class='ocrx_word' id='word_1_148' title='bbox 1206 1313 1467 1367; x_wconf 78' lang='lat' dir='ltr'>ingemuerat</span> <span class='ocrx_word' id='word_1_149' title='bbox 1492 1314 1553 1354; x_wconf 82' lang='lat' dir='ltr'>la-</span> 
     </span>
     <span class='ocr_line' id='line_1_20' title="bbox 202 1373 1554 1428; baseline 0 -13"><span class='ocrx_word' id='word_1_150' title='bbox 202 1375 551 1426; x_wconf 85' lang='lat' dir='ltr'>crimavcratque‚</span> <span class='ocrx_word' id='word_1_151' title='bbox 588 1373 646 1413; x_wconf 88' lang='lat' dir='ltr'>ita</span> <span class='ocrx_word' id='word_1_152' title='bbox 677 1373 866 1413; x_wconf 86' lang='lat' dir='ltr'>Euandri</span> <span class='ocrx_word' id='word_1_153' title='bbox 898 1373 1125 1414; x_wconf 83' lang='lat' dir='ltr'>orationem</span> <span class='ocrx_word' id='word_1_154' title='bbox 1153 1375 1473 1428; x_wconf 85' lang='lat' dir='ltr'>aspernabatur,</span> <span class='ocrx_word' id='word_1_155' title='bbox 1513 1383 1554 1415; x_wconf 84' lang='lat' dir='ltr'>et</span> 
     </span>
     <span class='ocr_line' id='line_1_21' title="bbox 200 1435 1553 1488; baseline 0.002 -14"><span class='ocrx_word' id='word_1_156' title='bbox 200 1436 371 1488; x_wconf 87' lang='lat' dir='ltr'>quidam</span> <span class='ocrx_word' id='word_1_157' title='bbox 407 1435 495 1476; x_wconf 86' lang='lat' dir='ltr'>ausi</span> <span class='ocrx_word' id='word_1_158' title='bbox 533 1443 625 1475; x_wconf 87' lang='lat' dir='ltr'>sunt</span> <span class='ocrx_word' id='word_1_159' title='bbox 658 1435 795 1476; x_wconf 88' lang='lat' dir='ltr'>media</span> <span class='ocrx_word' id='word_1_160' title='bbox 828 1450 879 1475; x_wconf 83' lang='lat' dir='ltr'>ex</span> <span class='ocrx_word' id='word_1_161' title='bbox 910 1435 1100 1476; x_wconf 86' lang='lat' dir='ltr'>contione</span> <span class='ocrx_word' id='word_1_162' title='bbox 1134 1437 1389 1477; x_wconf 81' lang='lat' dir='ltr'>succlamare</span> <span class='ocrx_word' id='word_1_163' title='bbox 1423 1437 1553 1477; x_wconf 87' lang='lat' dir='ltr'>‘abite</span> 
     </span>
     <span class='ocr_line' id='line_1_22' title="bbox 201 1497 1551 1552; baseline 0.001 -15"><span class='ocrx_word' id='word_1_164' title='bbox 201 1498 316 1546; x_wconf 89' lang='lat' dir='ltr'>hinc,</span> <span class='ocrx_word' id='word_1_165' title='bbox 353 1512 404 1538; x_wconf 90' lang='lat' dir='ltr'>ne</span> <span class='ocrx_word' id='word_1_166' title='bbox 431 1497 503 1551; x_wconf 90' lang='lat' dir='ltr'>qui</span> <span class='ocrx_word' id='word_1_167' title='bbox 528 1497 650 1551; x_wconf 88' lang='lat' dir='ltr'>pauci</span> <span class='ocrx_word' id='word_1_168' title='bbox 682 1512 972 1551; x_wconf 85' lang='lat' dir='ltr'>supersumus,</span> <span class='ocrx_word' id='word_1_169' title='bbox 1010 1504 1179 1552; x_wconf 88' lang='lat' dir='ltr'>propter</span> <span class='ocrx_word' id='word_1_170' title='bbox 1204 1512 1278 1538; x_wconf 81' lang='lat' dir='ltr'>vos</span> <span class='ocrx_word' id='word_1_171' title='bbox 1303 1499 1551 1552; x_wconf 88' lang='lat' dir='ltr'>pereamus.&#39;</span> 
     </span>
     <span class='ocr_line' id='line_1_23' title="bbox 199 1559 1618 1601; baseline -0.001 0"><span class='ocrx_word' id='word_1_172' title='bbox 199 1561 348 1601; x_wconf 90' lang='lat' dir='ltr'>horum</span> <span class='ocrx_word' id='word_1_173' title='bbox 373 1560 528 1601; x_wconf 89' lang='lat' dir='ltr'>ferocia</span> <span class='ocrx_word' id='word_1_174' title='bbox 553 1575 699 1601; x_wconf 80' lang='lat' dir='ltr'>vocem</span> <span class='ocrx_word' id='word_1_175' title='bbox 724 1559 913 1600; x_wconf 87' lang='lat' dir='ltr'>Euandri</span> <span class='ocrx_word' id='word_1_176' title='bbox 939 1560 1098 1601; x_wconf 90' lang='lat' dir='ltr'>clausit.</span> <span class='ocrx_word' id='word_1_177' title='bbox 1159 1575 1232 1601; x_wconf 85' lang='lat' dir='ltr'>rex</span> <span class='ocrx_word' id='word_1_178' title='bbox 1258 1561 1354 1601; x_wconf 77' lang='lat' dir='ltr'>exin</span> <span class='ocrx_word' id='word_1_179' title='bbox 1380 1561 1548 1601; x_wconf 86' lang='lat' dir='ltr'>domum</span> <span class='ocrx_word' id='word_1_180' title='bbox 1579 1571 1618 1600; x_wconf 79' lang='lat'>12</span> 
     </span>
     <span class='ocr_line' id='line_1_24' title="bbox 200 1622 1552 1676; baseline -0.001 -12"><span class='ocrx_word' id='word_1_181' title='bbox 200 1638 243 1664; x_wconf 84' lang='lat' dir='ltr'>se</span> <span class='ocrx_word' id='word_1_182' title='bbox 267 1622 437 1676; x_wconf 87' lang='lat' dir='ltr'>recepit,</span> <span class='ocrx_word' id='word_1_183' title='bbox 463 1622 724 1676; x_wconf 87' lang='lat' dir='ltr'>pecuniaque</span> <span class='ocrx_word' id='word_1_184' title='bbox 746 1630 783 1663; x_wconf 89' lang='lat' dir='ltr'>et</span> <span class='ocrx_word' id='word_1_185' title='bbox 811 1637 910 1662; x_wconf 89' lang='lat' dir='ltr'>auro</span> <span class='ocrx_word' id='word_1_186' title='bbox 931 1630 1186 1676; x_wconf 78' lang='lat' dir='ltr'>argentoque</span> <span class='ocrx_word' id='word_1_187' title='bbox 1212 1623 1254 1662; x_wconf 90' lang='lat' dir='ltr'>in</span> <span class='ocrx_word' id='word_1_188' title='bbox 1278 1622 1452 1672; x_wconf 86' lang='lat' dir='ltr'>lembos,</span> <span class='ocrx_word' id='word_1_189' title='bbox 1479 1623 1552 1676; x_wconf 87' lang='grc'><strong>(1111</strong></span> 
     </span>
     <span class='ocr_line' id='line_1_25' title="bbox 199 1683 1549 1738; baseline 0 -14"><span class='ocrx_word' id='word_1_190' title='bbox 199 1685 242 1724; x_wconf 88' lang='grc'>111</span> <span class='ocrx_word' id='word_1_191' title='bbox 258 1684 482 1725; x_wconf 82' lang='lat' dir='ltr'>Strumone</span> <span class='ocrx_word' id='word_1_192' title='bbox 508 1684 686 1732; x_wconf 83' lang='lat' dir='ltr'>stabant,</span> <span class='ocrx_word' id='word_1_193' title='bbox 712 1684 858 1725; x_wconf 86' lang='lat' dir='ltr'>delatis</span> <span class='ocrx_word' id='word_1_194' title='bbox 885 1692 925 1724; x_wconf 83' lang='lat' dir='ltr'>et</span> <span class='ocrx_word' id='word_1_195' title='bbox 950 1684 1038 1738; x_wconf 86' lang='lat' dir='ltr'>ipse</span> <span class='ocrx_word' id='word_1_196' title='bbox 1064 1685 1116 1724; x_wconf 84' lang='lat' dir='ltr'>ad</span> <span class='ocrx_word' id='word_1_197' title='bbox 1141 1684 1296 1724; x_wconf 88' lang='lat' dir='ltr'>flumen</span> <span class='ocrx_word' id='word_1_198' title='bbox 1322 1683 1549 1724; x_wconf 86' lang='lat' dir='ltr'>descendit.</span> 
     </span>
     <span class='ocr_line' id='line_1_26' title="bbox 200 1745 1618 1799; baseline 0 -14"><span class='ocrx_word' id='word_1_199' title='bbox 200 1746 384 1787; x_wconf 84' lang='lat' dir='ltr'>Thraces</span> <span class='ocrx_word' id='word_1_200' title='bbox 415 1746 592 1786; x_wconf 80' lang='lat' dir='ltr'>navibus</span> <span class='ocrx_word' id='word_1_201' title='bbox 624 1761 666 1787; x_wconf 89' lang='lat' dir='ltr'>se</span> <span class='ocrx_word' id='word_1_202' title='bbox 699 1746 955 1786; x_wconf 89' lang='lat' dir='ltr'>committere</span> <span class='ocrx_word' id='word_1_203' title='bbox 986 1760 1070 1786; x_wconf 92' lang='lat' dir='ltr'>non</span> <span class='ocrx_word' id='word_1_204' title='bbox 1103 1745 1193 1785; x_wconf 89' lang='lat' dir='ltr'>ausi</span> <span class='ocrx_word' id='word_1_205' title='bbox 1226 1746 1370 1786; x_wconf 88' lang='lat' dir='ltr'>domos</span> <span class='ocrx_word' id='word_1_206' title='bbox 1403 1745 1552 1799; x_wconf 87' lang='lat' dir='ltr'>dilapsi</span> <span class='ocrx_word' id='word_1_207' title='bbox 1579 1758 1618 1786; x_wconf 86' lang='lat'>13</span> 
     </span>
     <span class='ocr_line' id='line_1_27' title="bbox 202 1806 1552 1862; baseline 0.001 -15"><span class='ocrx_word' id='word_1_208' title='bbox 202 1815 241 1847; x_wconf 86' lang='lat' dir='ltr'>et</span> <span class='ocrx_word' id='word_1_209' title='bbox 266 1808 348 1847; x_wconf 86' lang='lat' dir='ltr'>alia</span> <span class='ocrx_word' id='word_1_210' title='bbox 378 1808 565 1847; x_wconf 89' lang='lat' dir='ltr'>militaris</span> <span class='ocrx_word' id='word_1_211' title='bbox 598 1808 762 1861; x_wconf 76' lang='lat' dir='ltr'>generis</span> <span class='ocrx_word' id='word_1_212' title='bbox 788 1808 928 1856; x_wconf 86' lang='lat' dir='ltr'>turba,</span> <span class='ocrx_word' id='word_1_213' title='bbox 962 1806 1174 1848; x_wconf 87' lang='lat' dir='ltr'>Cretensis</span> <span class='ocrx_word' id='word_1_214' title='bbox 1201 1822 1317 1862; x_wconf 86' lang='lat' dir='ltr'>spem</span> <span class='ocrx_word' id='word_1_215' title='bbox 1348 1808 1552 1861; x_wconf 86' lang='lat' dir='ltr'>pecuniae</span> 
     </span>
     <span class='ocr_line' id='line_1_28' title="bbox 201 1870 1551 1924; baseline 0 -15"><span class='ocrx_word' id='word_1_216' title='bbox 201 1870 342 1910; x_wconf 88' lang='lat' dir='ltr'>secuti.</span> <span class='ocrx_word' id='word_1_217' title='bbox 393 1878 433 1910; x_wconf 87' lang='lat' dir='ltr'>et</span> <span class='ocrx_word' id='word_1_218' title='bbox 458 1870 655 1922; x_wconf 91' lang='lat' dir='ltr'>quoniam</span> <span class='ocrx_word' id='word_1_219' title='bbox 685 1870 727 1910; x_wconf 92' lang='lat' dir='ltr'>in</span> <span class='ocrx_word' id='word_1_220' title='bbox 753 1870 975 1910; x_wconf 80' lang='lat' dir='ltr'>dividendo</span> <span class='ocrx_word' id='word_1_221' title='bbox 1001 1870 1094 1924; x_wconf 89' lang='lat' dir='ltr'>plus</span> <span class='ocrx_word' id='word_1_222' title='bbox 1121 1870 1397 1910; x_wconf 84' lang='lat' dir='ltr'>offensionum</span> <span class='ocrx_word' id='word_1_223' title='bbox 1424 1884 1551 1922; x_wconf 87' lang='lat' dir='ltr'>quam</span> 
     </span>
     <span class='ocr_line' id='line_1_29' title="bbox 200 1930 1551 1985; baseline 0 -15"><span class='ocrx_word' id='word_1_224' title='bbox 200 1930 358 1984; x_wconf 73' lang='lat' dir='ltr'>gratiae</span> <span class='ocrx_word' id='word_1_225' title='bbox 391 1938 497 1979; x_wconf 83' lang='lat' dir='ltr'>erat,</span> <span class='ocrx_word' id='word_1_226' title='bbox 535 1931 838 1984; x_wconf 78' lang='lat' dir='ltr'>quinquaginta</span> <span class='ocrx_word' id='word_1_227' title='bbox 869 1932 1026 1971; x_wconf 86' lang='lat' dir='ltr'>talenta</span> <span class='ocrx_word' id='word_1_228' title='bbox 1049 1933 1083 1971; x_wconf 82' lang='lat' dir='ltr'>is</span> <span class='ocrx_word' id='word_1_229' title='bbox 1114 1931 1249 1985; x_wconf 83' lang='lat' dir='ltr'>posita</span> <span class='ocrx_word' id='word_1_230' title='bbox 1274 1938 1369 1971; x_wconf 83' lang='lat' dir='ltr'>sunt</span> <span class='ocrx_word' id='word_1_231' title='bbox 1393 1931 1436 1971; x_wconf 89' lang='lat' dir='ltr'>in</span> <span class='ocrx_word' id='word_1_232' title='bbox 1460 1931 1551 1984; x_wconf 87' lang='lat' dir='ltr'>ripa</span> 
     </span>
     <span class='ocr_line' id='line_1_30' title="bbox 201 1992 1616 2046; baseline 0.002 -15"><span class='ocrx_word' id='word_1_233' title='bbox 201 1992 444 2046; x_wconf 88' lang='lat' dir='ltr'>diripienda.</span> <span class='ocrx_word' id='word_1_234' title='bbox 504 1992 557 2031; x_wconf 84' lang='lat' dir='ltr'>ab</span> <span class='ocrx_word' id='word_1_235' title='bbox 589 1992 666 2032; x_wconf 87' lang='lat' dir='ltr'>hac</span> <span class='ocrx_word' id='word_1_236' title='bbox 692 1992 922 2045; x_wconf 86' lang='lat' dir='ltr'>direptione</span> <span class='ocrx_word' id='word_1_237' title='bbox 948 2007 1042 2032; x_wconf 89' lang='lat' dir='ltr'>cum</span> <span class='ocrx_word' id='word_1_238' title='bbox 1072 2007 1146 2046; x_wconf 88' lang='lat' dir='ltr'>per</span> <span class='ocrx_word' id='word_1_239' title='bbox 1170 1993 1395 2032; x_wconf 89' lang='lat' dir='ltr'>tumultum</span> <span class='ocrx_word' id='word_1_240' title='bbox 1420 2007 1548 2032; x_wconf 78' lang='lat' dir='ltr'>naves</span> <span class='ocrx_word' id='word_1_241' title='bbox 1577 2006 1616 2034; x_wconf 73' lang='lat'>14</span> 
     </span>
     <span class='ocr_line' id='line_1_31' title="bbox 201 2053 1547 2101; baseline 0 -7"><span class='ocrx_word' id='word_1_242' title='bbox 201 2055 538 2101; x_wconf 85' lang='lat' dir='ltr'>conscenderent,</span> <span class='ocrx_word' id='word_1_243' title='bbox 564 2054 748 2094; x_wconf 85' lang='lat' dir='ltr'>lembum</span> <span class='ocrx_word' id='word_1_244' title='bbox 773 2069 904 2093; x_wconf 89' lang='lat' dir='ltr'>unum</span> <span class='ocrx_word' id='word_1_245' title='bbox 928 2054 971 2094; x_wconf 90' lang='lat' dir='ltr'>in</span> <span class='ocrx_word' id='word_1_246' title='bbox 996 2054 1100 2094; x_wconf 86' lang='lat' dir='ltr'>ostio</span> <span class='ocrx_word' id='word_1_247' title='bbox 1120 2054 1253 2093; x_wconf 87' lang='lat' dir='ltr'>amnis</span> <span class='ocrx_word' id='word_1_248' title='bbox 1281 2053 1547 2094; x_wconf 86' lang='lat' dir='ltr'>multitudine</span> 
     </span>
     <span class='ocr_line' id='line_1_32' title="bbox 200 2114 1614 2170; baseline 0 -13"><span class='ocrx_word' id='word_1_249' title='bbox 200 2124 421 2170; x_wconf 80' lang='lat' dir='ltr'>gravatum</span> <span class='ocrx_word' id='word_1_250' title='bbox 451 2124 694 2157; x_wconf 87' lang='lat' dir='ltr'>merserunt.</span> <span class='ocrx_word' id='word_1_251' title='bbox 757 2115 989 2169; x_wconf 85' lang='lat' dir='ltr'>Galepsum</span> <span class='ocrx_word' id='word_1_252' title='bbox 1015 2130 1063 2156; x_wconf 93' lang='lat' dir='ltr'>eo</span> <span class='ocrx_word' id='word_1_253' title='bbox 1090 2116 1174 2163; x_wconf 89' lang='lat' dir='ltr'>die,</span> <span class='ocrx_word' id='word_1_254' title='bbox 1208 2124 1373 2169; x_wconf 87' lang='lat' dir='ltr'>postero</span> <span class='ocrx_word' id='word_1_255' title='bbox 1400 2114 1549 2155; x_wconf 84' lang='lat' dir='ltr'>Samo·</span> <span class='ocrx_word' id='word_1_256' title='bbox 1576 2127 1614 2157; x_wconf 82' lang='lat'>15</span> 
     </span>
     <span class='ocr_line' id='line_1_33' title="bbox 200 2176 1549 2231; baseline -0.001 -14"><span class='ocrx_word' id='word_1_257' title='bbox 200 2178 398 2226; x_wconf 89' lang='lat' dir='ltr'>thracam,</span> <span class='ocrx_word' id='word_1_258' title='bbox 425 2192 550 2230; x_wconf 88' lang='lat' dir='ltr'>quam</span> <span class='ocrx_word' id='word_1_259' title='bbox 575 2178 786 2231; x_wconf 86' lang='lat' dir='ltr'>petebant,</span> <span class='ocrx_word' id='word_1_260' title='bbox 811 2177 1077 2231; x_wconf 69' lang='lat' dir='ltr'>perveniuntg</span> <span class='ocrx_word' id='word_1_261' title='bbox 1104 2177 1157 2217; x_wconf 89' lang='lat' dir='ltr'>ad</span> <span class='ocrx_word' id='word_1_262' title='bbox 1177 2177 1259 2216; x_wconf 90' lang='lat' dir='ltr'>duo</span> <span class='ocrx_word' id='word_1_263' title='bbox 1280 2176 1393 2217; x_wconf 85' lang='lat' dir='ltr'>milia</span> <span class='ocrx_word' id='word_1_264' title='bbox 1418 2177 1549 2217; x_wconf 89' lang='lat' dir='ltr'>talen-</span> 
     </span>
    </p>
   </div>
   <div class='ocr_carea' id='block_1_3' title="bbox 198 2239 1589 2665">
    <p class='ocr_par' dir='ltr' id='par_1_3' title="bbox 200 2239 814 2292">
     <span class='ocr_line' id='line_1_34' title="bbox 200 2239 814 2292; baseline -0.002 -13"><span class='ocrx_word' id='word_1_265' title='bbox 200 2242 288 2279; x_wconf 67' lang='lat' dir='ltr'>tslm</span> <span class='ocrx_word' id='word_1_266' title='bbox 312 2248 508 2292; x_wconf 75' lang='lat' dir='ltr'>pervecta</span> <span class='ocrx_word' id='word_1_267' title='bbox 533 2254 581 2280; x_wconf 90' lang='lat' dir='ltr'>eo</span> <span class='ocrx_word' id='word_1_268' title='bbox 607 2239 814 2279; x_wconf 87' lang='lat' dir='ltr'>dicuntur.</span> 
     </span>
    </p>

    <p class='ocr_par' dir='ltr' id='par_1_4' title="bbox 198 2299 1589 2665">
     <span class='ocr_line' id='line_1_35' title="bbox 283 2299 1588 2354; baseline 0.001 -14"><span class='ocrx_word' id='word_1_269' title='bbox 283 2300 554 2342; x_wconf 80' lang='lat' dir='ltr'>XXXXVI.</span> <span class='ocrx_word' id='word_1_270' title='bbox 591 2301 751 2341; x_wconf 86' lang='lat' dir='ltr'>Paulus</span> <span class='ocrx_word' id='word_1_271' title='bbox 788 2316 862 2354; x_wconf 91' lang='lat' dir='ltr'>per</span> <span class='ocrx_word' id='word_1_272' title='bbox 896 2315 1038 2341; x_wconf 86' lang='lat' dir='ltr'>omnes</span> <span class='ocrx_word' id='word_1_273' title='bbox 1071 2300 1231 2341; x_wconf 86' lang='lat' dir='ltr'>deditas</span> <span class='ocrx_word' id='word_1_274' title='bbox 1265 2299 1453 2341; x_wconf 80' lang='lat' dir='ltr'>civitates</span> <span class='ocrx_word' id='word_1_275' title='bbox 1485 2300 1547 2340; x_wconf 90' lang='lat' dir='ltr'>di·</span> <span class='ocrx_word' id='word_1_276' title='bbox 1574 2313 1588 2341; x_wconf 94' lang='lat'>1</span> 
     </span>
     <span class='ocr_line' id='line_1_36' title="bbox 199 2362 1546 2416; baseline 0 -15"><span class='ocrx_word' id='word_1_277' title='bbox 199 2362 333 2402; x_wconf 87' lang='lat' dir='ltr'>missis</span> <span class='ocrx_word' id='word_1_278' title='bbox 360 2362 430 2415; x_wconf 90' lang='lat' dir='ltr'>qui</span> <span class='ocrx_word' id='word_1_279' title='bbox 455 2370 713 2416; x_wconf 85' lang='lat' dir='ltr'>praeessent,</span> <span class='ocrx_word' id='word_1_280' title='bbox 739 2378 790 2403; x_wconf 90' lang='grc'>116</span> <span class='ocrx_word' id='word_1_281' title='bbox 817 2377 900 2415; x_wconf 91' lang='lat' dir='ltr'>qua</span> <span class='ocrx_word' id='word_1_282' title='bbox 923 2362 1074 2402; x_wconf 88' lang='lat' dir='ltr'>iniuria</span> <span class='ocrx_word' id='word_1_283' title='bbox 1098 2362 1140 2402; x_wconf 90' lang='lat' dir='ltr'>in</span> <span class='ocrx_word' id='word_1_284' title='bbox 1165 2376 1273 2402; x_wconf 84' lang='lat' dir='ltr'>nova</span> <span class='ocrx_word' id='word_1_285' title='bbox 1298 2376 1400 2415; x_wconf 85' lang='lat' dir='ltr'>pace</span> <span class='ocrx_word' id='word_1_286' title='bbox 1426 2362 1546 2402; x_wconf 88' lang='lat' dir='ltr'>victis</span> 
     </span>
     <span class='ocr_line' id='line_1_37' title="bbox 199 2423 1548 2478; baseline 0 -15"><span class='ocrx_word' id='word_1_287' title='bbox 199 2424 335 2472; x_wconf 84' lang='lat' dir='ltr'>fieret,</span> <span class='ocrx_word' id='word_1_288' title='bbox 366 2424 618 2477; x_wconf 89' lang='lat' dir='ltr'>retentisque</span> <span class='ocrx_word' id='word_1_289' title='bbox 645 2433 745 2478; x_wconf 84' lang='lat' dir='ltr'>aput</span> <span class='ocrx_word' id='word_1_290' title='bbox 777 2440 819 2465; x_wconf 91' lang='lat' dir='ltr'>se</span> <span class='ocrx_word' id='word_1_291' title='bbox 846 2424 1187 2465; x_wconf 87' lang='lat' dir='ltr'>caduceatoribus</span> <span class='ocrx_word' id='word_1_292' title='bbox 1212 2423 1322 2477; x_wconf 81' lang='lat' dir='ltr'>regis</span> <span class='ocrx_word' id='word_1_293' title='bbox 1347 2423 1398 2463; x_wconf 85' lang='lat' dir='ltr'>P.</span> <span class='ocrx_word' id='word_1_294' title='bbox 1423 2423 1548 2464; x_wconf 86' lang='lat' dir='ltr'>Nasi-</span> 
     </span>
     <span class='ocr_line' id='line_1_38' title="bbox 199 2485 1545 2540; baseline 0 -14"><span class='ocrx_word' id='word_1_295' title='bbox 199 2499 303 2533; x_wconf 89' lang='lat' dir='ltr'>cam,</span> <span class='ocrx_word' id='word_1_296' title='bbox 328 2485 498 2539; x_wconf 81' lang='lat' dir='ltr'>ignarus</span> <span class='ocrx_word' id='word_1_297' title='bbox 523 2486 649 2540; x_wconf 81' lang='lat' dir='ltr'>fugae</span> <span class='ocrx_word' id='word_1_298' title='bbox 668 2486 791 2540; x_wconf 77' lang='lat' dir='ltr'>regis,</span> <span class='ocrx_word' id='word_1_299' title='bbox 817 2486 1106 2540; x_wconf 87' lang='lat' dir='ltr'>Amphipolim</span> <span class='ocrx_word' id='word_1_300' title='bbox 1130 2485 1241 2525; x_wconf 82' lang='lat' dir='ltr'>misit</span> <span class='ocrx_word' id='word_1_301' title='bbox 1266 2499 1361 2525; x_wconf 90' lang='lat' dir='ltr'>cum</span> <span class='ocrx_word' id='word_1_302' title='bbox 1382 2485 1545 2526; x_wconf 84' lang='lat' dir='ltr'>modica</span> 
     </span>
     <span class='ocr_line' id='line_1_39' title="bbox 198 2546 1586 2602; baseline 0.001 -15"><span class='ocrx_word' id='word_1_303' title='bbox 198 2547 384 2602; x_wconf 89' lang='lat' dir='ltr'>peditum</span> <span class='ocrx_word' id='word_1_304' title='bbox 415 2547 682 2600; x_wconf 87' lang='lat' dir='ltr'>equitumque</span> <span class='ocrx_word' id='word_1_305' title='bbox 713 2563 860 2596; x_wconf 90' lang='lat' dir='ltr'>manu,</span> <span class='ocrx_word' id='word_1_306' title='bbox 893 2548 1015 2588; x_wconf 88' lang='lat' dir='ltr'>simul</span> <span class='ocrx_word' id='word_1_307' title='bbox 1045 2555 1089 2588; x_wconf 90' lang='lat' dir='ltr'>ut</span> <span class='ocrx_word' id='word_1_308' title='bbox 1118 2546 1306 2589; x_wconf 83' lang='lat' dir='ltr'>Sinticen</span> <span class='ocrx_word' id='word_1_309' title='bbox 1337 2555 1541 2587; x_wconf 82' lang='lat' dir='ltr'>evastaret</span> <span class='ocrx_word' id='word_1_310' title='bbox 1569 2560 1586 2588; x_wconf 76' lang='lat'>2</span> 
     </span>
     <span class='ocr_line' id='line_1_40' title="bbox 199 2609 1589 2665; baseline -0.001 -16"><span class='ocrx_word' id='word_1_311' title='bbox 199 2616 239 2650; x_wconf 85' lang='lat' dir='ltr'>et</span> <span class='ocrx_word' id='word_1_312' title='bbox 264 2609 316 2649; x_wconf 88' lang='lat' dir='ltr'>ad</span> <span class='ocrx_word' id='word_1_313' title='bbox 342 2624 482 2651; x_wconf 88' lang='lat' dir='ltr'>omnes</span> <span class='ocrx_word' id='word_1_314' title='bbox 509 2618 680 2651; x_wconf 87' lang='lat' dir='ltr'>conatus</span> <span class='ocrx_word' id='word_1_315' title='bbox 705 2610 814 2665; x_wconf 85' lang='lat' dir='ltr'>regis</span> <span class='ocrx_word' id='word_1_316' title='bbox 840 2610 1135 2665; x_wconf 74' lang='lat' dir='ltr'>impedimento</span> <span class='ocrx_word' id='word_1_317' title='bbox 1150 2616 1275 2651; x_wconf 86' lang='lat' dir='ltr'>esset.</span> <span class='ocrx_word' id='word_1_318' title='bbox 1314 2609 1421 2649; x_wconf 90' lang='lat' dir='ltr'>inter</span> <span class='ocrx_word' id='word_1_319' title='bbox 1443 2609 1544 2650; x_wconf 86' lang='lat' dir='ltr'>haec</span> <span class='ocrx_word' id='word_1_320' title='bbox 1571 2619 1589 2647; x_wconf 85' lang='lat'>3</span> 
     </span>
    </p>
   </div>
  </div>
 </body>
</html>
