1804 2926
268 158 348 200 196
579 165 731 199 Llssfflz
756 166 959 209 xxxxv,
987 167 1040 199 44.
1070 166 1309 209 [11110557]

263 271 424 312 Romae
461 285 536 311 seu
559 269 788 310 Praeneste
825 269 1039 311 immolare
1071 270 1215 319 vellet,
1252 270 1341 324 regi
1371 285 1422 312 ex
1452 270 1621 325 publico

200 349 237 378 10·
264 334 372 374 sicut
390 332 703 387 magistratibus
718 332 919 373 Romanis
939 332 1251 386 praeberentur,
1277 340 1316 373 et
1337 340 1382 373 ut
1402 348 1454 374 ex
1476 334 1621 382 classe,

265 409 372 448 quae
398 394 598 435 Brundisi
623 401 750 442 esset,
782 409 911 435 naves
935 395 1086 449 longae
1111 394 1259 449 viginti
1285 395 1619 449 adsignarentun

264 457 417 510 quibus
449 464 648 498 uteretur.
709 455 842 496 donee
875 455 928 496 ad
960 457 1135 497 classem
1166 457 1274 497 dono
1307 457 1448 498 datam
1480 457 1517 498 ei
1547 472 1621 498 rex

200 536 236 564 1?
265 518 543 573 pervenisset,
580 518 634 559 L.
663 515 885 559 Cornelius
919 517 1061 572 Scipio
1099 533 1151 560 ne
1187 519 1240 559 ab
1277 534 1326 560 00
1364 519 1620 568 abscederet,

264 588 562 636 sumptumque
592 580 673 635 ipsi
703 587 744 621 et
775 579 995 621 comitibus
1026 581 1264 635 praeberet,
1302 582 1434 623 donec
1470 597 1620 622 navem

200 659 237 689 ιε
268 643 590 685 conscendisset.
650 643 753 684 mire
783 643 939 684 lactum
965 650 1103 684 cetera
1128 643 1385 698 benignitate
1411 644 1452 684 in
1478 660 1521 686 se
1546 659 1617 699 po-

263 706 350 761 puli
377 706 558 747 Romani
588 721 732 760 regem
764 706 894 746 fuisse
926 705 1084 747 ferunt:
1121 722 1296 748 munera
1327 707 1405 747 sibi
1436 707 1515 762 ipsi
1539 707 1622 748 cmi

261 783 346 809 non
371 769 485 817 sisse,
511 769 643 809 filium
667 768 837 809 iussisse
863 769 1020 808 donum
1046 769 1191 822 populi
1210 769 1390 810 Romani
1416 770 1618 824 accipere.

198 846 236 874 19
262 830 366 871 hacc
399 831 449 872 de
474 831 626 871 Prusia
656 831 787 871 nostri
819 830 1053 885 scriptores.
1114 831 1318 884 Polybius
1352 846 1447 872 cum
1477 847 1620 886 regem

262 892 483 947 indiguum
508 892 726 933 maiestate
746 892 926 932 nominis
951 891 1055 932 tanti
1080 892 1205 932 tradit
1230 892 1460 946 pilleatum,
1485 894 1620 948 eapite

262 969 375 1002 raso,
402 953 569 994 obviam
600 951 698 1008 [ire]
724 953 873 1008 legatis
906 953 1076 994 solitum
1100 953 1382 1007 libertumque
1408 970 1451 996 se
1476 955 1621 1010 populi

195 1031 237 1061 ‘20
261 1015 442 1058 Romani
467 1015 601 1069 ferre:
634 1015 729 1056 ideo
754 1015 937 1070 insignia
961 1015 1117 1056 ordinis
1142 1015 1230 1057 eius
1263 1031 1408 1070 gerere
1417 1033 1427 1066 3
1459 1017 1620 1059 Romae

262 1093 448 1132 quoque,
476 1093 571 1119 cum
597 1078 757 1119 veniret
781 1077 824 1118 in
849 1077 1028 1126 curiam,
1061 1077 1319 1120 summisisse
1345 1094 1389 1120 se
1415 1086 1454 1121 et
1478 1080 1620 1121 osculo

260 1140 388 1182 limen
419 1141 558 1182 curiae
591 1139 816 1195 contigisse
842 1147 881 1180 et
914 1139 1014 1181 deos
1047 1147 1280 1181 servatores
1306 1155 1404 1181 suos
1430 1150 1618 1183 senatum

261 1203 494 1257 appellasse
525 1202 734 1256 aliamque
760 1202 991 1243 orationem
1021 1216 1106 1242 11011
1131 1209 1218 1243 tam
1248 1202 1520 1245 honorificam
1546 1220 1620 1245 au-

195 1280 233 1309 ‘21
262 1265 473 1307 dieutibus
505 1279 633 1318 quam
658 1264 737 1305 sibi
762 1264 994 1306 deformem
1026 1264 1237 1306 habuisse.
1298 1274 1483 1307 moratus
1510 1268 1620 1308 circa

261 1328 409 1369 urbem
429 1328 600 1382 triginta
618 1327 721 1368 haut
740 1327 918 1381 amplius
941 1327 1028 1368 dies
1048 1327 1092 1368 in
1110 1343 1288 1383 regnum
1309 1336 1371 1370 est
1391 1329 1618 1384 profectus.

263 1398 487 1444 actumque
512 1391 554 1431 111
580 1390 687 1432 Asia
713 1390 869 1431 bellum
898 1388 926 1444 [.
943 1421 951 1430 .
969 1387 1000 1444 .]
