1804 2926
277 206 362 248 210
450 213 743 250 PERIOCHAE
769 211 1037 248 LIBRORUM
1061 212 1249 247 LXXVII
1257 233 1300 237 —
1308 211 1466 246 LXXX.

276 306 442 349 haberet,
463 303 726 347 manumissus,
748 307 804 339 set
817 304 864 338 ob
878 303 997 339 scelus
1010 302 1145 348 proditi
1161 301 1299 336 domini
1315 302 1359 336 dc
1375 313 1460 336 saxo
1475 302 1639 338 deiectus

276 355 341 385 est.
382 350 421 385 C.
444 350 581 384 Marius
601 349 698 383 filius
718 349 753 383 in
776 349 941 383 Africam
962 349 1116 383 traiecit.
1155 348 1194 382 C.
1217 347 1354 381 Marius
1374 351 1480 391 pater
1499 359 1581 382 cum
1601 349 1638 383 in

276 396 473 441 paludibus
499 395 807 429 Minturnensium
831 395 980 438 lateret,
1003 399 1187 428 extractus
1214 398 1269 427 est
1294 392 1341 426 ab
1367 393 1580 438 oppidanis,
1603 398 1640 428 et

276 453 359 475 culn
377 441 507 474 missus
529 441 575 474 ad
596 440 838 474 occidendum
852 451 933 474 eum
948 451 1088 482 servus,
1109 439 1258 473 natione
1275 437 1423 481 Gallus,
1446 439 1638 474 maiestate

275 487 369 520 tanti
388 486 454 519 viri
469 486 683 531 perterritus
696 485 924 529 recessisset,
945 485 1125 529 inpositus
1146 484 1291 528 publice
1312 484 1397 517 navi
1418 484 1561 518 delatus
1582 488 1639 518 cst

274 533 312 565 in
338 532 515 565 Africam.
553 532 596 565 L.
620 530 726 576 Sylla
749 530 909 564 civitatis
934 534 1069 563 statum
1095 530 1291 569 ordinavit,
1320 529 1449 563 exinde
1475 529 1638 564 colonias

275 577 436 611 deduxit.
476 577 519 618 Q.
535 576 733 621 Pompeius
748 575 894 619 consul,
917 575 964 609 ad
979 575 1232 620 accipiendum
1248 585 1270 608 a
1284 574 1348 608 Cn.
1364 574 1541 619 Pompeio
1556 586 1637 619 pro-

275 623 424 657 consule
440 622 639 657 exercitum
652 621 850 666 profectis,
872 620 1024 654 consilio
1039 622 1117 655 eius
1131 620 1271 655 occisus
1286 623 1351 653 est.
1389 618 1636 663 Mithridates,

276 668 385 702 Ponti
416 679 495 711 rex,
527 667 707 713 Bithynia
738 669 774 701 et
804 665 1045 710 Cappadocia
1075 666 1263 710 occupatis
1296 669 1332 699 et
1356 665 1461 709 pulso
1487 665 1638 710 Aquilio

276 713 399 759 legato
414 713 635 759 Phrygiam,
656 711 882 758 provinciam
894 711 1023 757 populi
1035 710 1205 755 Romani,
1226 722 1307 745 cum
1321 711 1464 756 ingenti
1478 710 1639 746 exercitu

276 758 434 793 intravit.

797 804 848 829 Ex
867 804 942 828 Lm.
964 804 1120 829 Lxxvm.

343 848 575 883 Mithridates
600 848 729 882 Asiam
755 847 964 891 occupavit,
992 846 1036 887 Q.
1062 845 1222 890 Oppium
1246 845 1518 890 proconsulem,
1551 846 1639 881 item

275 894 372 935 [Mt]
387 894 577 938 Aquilium
591 894 766 939 legatum,
781 893 819 926 in
832 892 979 926 vincula
993 891 1160 934 coniecit,
1176 891 1348 935 iussuque
1363 891 1440 925 eius
1460 891 1639 936 quidquid

274 939 406 972 civium
431 939 680 973 Romanorum
706 938 743 972 in
767 938 859 971 Asia
882 937 953 970 fuit
977 947 1049 970 uno
1075 936 1134 970 dic
1159 936 1382 969 trucidatum
1408 941 1474 970 est.
1511 937 1640 971 urbem

274 984 456 1027 Rhodum,
479 995 573 1028 quae
589 983 667 1017 sola
680 983 716 1016 in
730 981 802 1017 fide
817 982 944 1027 populi
956 981 1115 1015 Romani
1129 985 1332 1022 manserat,
1355 982 1585 1026 oppugnavit
1604 986 1642 1016 ct

276 1029 417 1073 aliquot
446 1028 596 1074 proeliis
627 1028 821 1062 navalibus
846 1028 964 1061 victus
989 1026 1151 1060 recessit.
1199 1025 1406 1060 Archelaus
1429 1026 1641 1070 praefectus

274 1076 373 1119 regis
398 1074 435 1107 in
457 1073 653 1108 Graeciam
678 1084 761 1108 cum
781 1072 944 1107 exercitu
962 1072 1079 1113 venit,
1101 1070 1268 1105 Athenas
1288 1071 1500 1115 occupavit.
1535 1083 1641 1116 prae-

274 1123 378 1154 terea
401 1119 686 1164 trepidationem
711 1118 856 1152 urbium
880 1116 1172 1160 insularumque,
1208 1116 1289 1150 aliis
1316 1116 1364 1150 ad
1388 1116 1641 1152 Mithridatem

275 1165 356 1200 aliis
371 1165 418 1199 ad
430 1165 608 1210 populum
621 1163 826 1198 Romanum
843 1163 1009 1196 civitates
1024 1173 1109 1195 suas
1122 1161 1366 1206 trahentibus,
1384 1162 1559 1198 continet.

793 1216 845 1241 Ex
863 1216 935 1240 L113.
954 1215 1122 1240 Lxxvun.

342 1254 386 1288 L.
401 1254 592 1289 Cornelius
607 1253 727 1288 Cinna
747 1253 875 1288 consul
896 1264 978 1287 cum
998 1252 1224 1297 perniciosas
1242 1252 1344 1298 leges
1364 1264 1431 1297 per
1443 1253 1515 1287 vim
1530 1257 1641 1298 atque

276 1311 377 1334 arma
390 1300 521 1338 ferret,
543 1299 670 1344 pulsus
690 1299 781 1333 urbe
802 1299 848 1333 ab
864 1298 930 1333 Cn.
948 1298 1100 1332 Octavio
1115 1298 1261 1343 collega
1275 1310 1356 1332 cum
1370 1301 1394 1342 †
1409 1309 1471 1333 sex
1484 1299 1640 1333 tribimis

274 1346 413 1390 plebis,
438 1345 665 1389 imperioque
687 1344 720 1379 ei
741 1345 920 1390 abrogato
942 1347 1150 1388 corruptum
1170 1343 1271 1388 Appi
1291 1343 1424 1378 Claudi
1444 1344 1642 1378 exercitum

276 1393 313 1425 in
326 1395 550 1436 potestatem
562 1402 667 1424 suam
681 1390 767 1424 rede
800 1390 826 1423 it
840 1395 877 1424 et
890 1389 1028 1424 bellum
1041 1389 1123 1423 urbi
1137 1389 1262 1422 intulit
1277 1389 1451 1424 arcessito
1467 1389 1506 1424 C.
1522 1389 1640 1424 Mario

277 1449 319 1471 ex
338 1436 467 1470 Africa
491 1447 573 1470 cum
599 1435 680 1469 aliis
705 1447 773 1470 exu
792 1435 884 1468 ibus.
923 1435 958 1468 in
987 1445 1058 1478 quo
1083 1434 1181 1468 bello
1207 1435 1279 1468 duo
1305 1434 1456 1478 fratres,
1485 1435 1579 1470 alter
1597 1447 1641 1470 ex

276 1481 442 1526 Pompeii
456 1481 628 1523 exercitu,
645 1481 738 1515 alter
752 1492 795 1515 ex
809 1480 962 1522 Cinnae,
982 1480 1196 1524 ignorantes
1211 1484 1483 1523 concurrerunt,
1507 1484 1544 1515 et
1557 1491 1639 1514 cum

275 1527 391 1561 victor
410 1526 586 1570 spoliaret
606 1526 783 1568 occisum,
805 1525 931 1580 agnito
954 1525 1064 1559 fratre
1084 1525 1226 1569 ingenti
1246 1525 1510 1559 lamentatione
1526 1526 1637 1568 edita,

276 1583 366 1617 rogo
385 1571 419 1606 ei
439 1574 641 1614 exstructo,
670 1571 748 1614 ipse
769 1581 807 1604 se
829 1581 940 1614 supra
958 1581 1087 1614 rogum
1112 1570 1311 1603 transfodit
1337 1574 1374 1604 et
1398 1570 1527 1604 eodem
1553 1570 1639 1616 igne

277 1620 513 1661 consumptus
528 1620 593 1651 est.
631 1619 667 1650 et
681 1628 762 1649 cum
777 1615 932 1660 opprimi
945 1614 1041 1648 inter
1055 1614 1159 1648 initia
1171 1615 1386 1659 potuissent,
1404 1615 1470 1649 Cn.
1484 1615 1640 1660 Pompei

276 1662 426 1704 fraude,
448 1661 511 1706 qui
528 1665 720 1705 utramque
739 1666 879 1705 partem
904 1659 1060 1693 fovendo
1080 1659 1174 1694 vires
1195 1660 1335 1695 Cinnae
1361 1661 1462 1695 dedit
1481 1672 1550 1695 nec
1569 1661 1639 1695 nisi

277 1707 484 1753 profligatis
509 1707 739 1751 optimatium
764 1706 874 1740 rebus
899 1705 1073 1739 auxilium
1097 1705 1199 1747 tulit,
1233 1710 1269 1739 et
1294 1706 1454 1739 consulis
1479 1707 1640 1752 segnitia

278 1752 484 1787 confirmati
498 1752 619 1787 Cinna
638 1756 675 1786 et
688 1751 826 1785 Marius
846 1755 1020 1795 quattuor
1039 1750 1276 1793 exercitibus,
1300 1762 1341 1785 ex
1362 1751 1493 1795 quibus
1508 1753 1580 1785 duo
1595 1751 1638 1792 Q.

279 1798 440 1833 Sertorio
455 1801 492 1832 et
506 1797 666 1832 Carboni
681 1797 757 1830 dati
771 1800 866 1837 sunt,
881 1797 1010 1830 urbem
1023 1795 1345 1830 circumsederunt.
1388 1796 1530 1831 Ostiam
1543 1797 1638 1832 colo-

278 1843 378 1878 niam
395 1843 565 1888 [Marius]
582 1841 811 1888 expugnavit
824 1845 860 1876 et
874 1841 1072 1875 crudeliter
1085 1841 1247 1886 diripuit.

823 1894 874 1918 EX
892 1894 965 1918 Lm.
986 1893 1099 1918 Lxxx.

346 1933 487 1968 Italicis
500 1933 646 1978 populis
660 1944 682 1966 a
696 1935 827 1966 senatu
841 1931 970 1966 civitas
985 1931 1074 1965 data
1087 1934 1152 1965 est.
1180 1930 1376 1972 Samnites,
1386 1933 1447 1975 qui
1461 1931 1527 1965 soli
1538 1943 1640 1967 arma

278 1979 517 2024 recipiebant,
533 1979 672 2013 Cinnae
688 1982 724 2012 et
737 1977 854 2011 Mario
868 1988 906 2011 se
921 1976 1195 2011 coniunxerunt.
1228 1976 1275 2010 ab
1289 1976 1343 2009 his
1357 1976 1526 2011 Plautius
1539 1977 1640 2022 lega-

279 2031 338 2058 tus
360 2036 442 2058 cum
463 2025 625 2059 exercitu
644 2034 772 2057 caesus
792 2026 858 2057 est.
896 2021 1014 2056 Cinna
1027 2025 1064 2056 et
1076 2021 1215 2055 Marius
1230 2033 1310 2055 cum
1324 2021 1493 2057 Carbone
1508 2027 1545 2057 et
1559 2022 1640 2058 Ser-

279 2069 372 2104 torio
409 2070 615 2103 Ianiculum
652 2070 960 2114 oppugnaverunt
997 2071 1034 2101 et
1068 2067 1190 2112 fugati
1227 2067 1274 2101 ab
1307 2066 1459 2101 Octavio
1491 2068 1640 2103 consule

279 2119 519 2150 recesserunt.
568 2113 707 2148 Marius
731 2113 882 2147 Antium
914 2117 952 2147 et
975 2112 1139 2147 Ariciam
1170 2116 1207 2147 et
1237 2112 1444 2146 Lanuvium
1477 2113 1640 2147 colonias

281 2161 514 2206 expugnavit.
553 2172 636 2194 cum
663 2171 746 2203 spes
771 2158 874 2192 nulla
898 2162 996 2193 esset
1019 2158 1257 2202 optimatibus
1277 2157 1471 2192 resistendi
1491 2162 1642 2203 propter

281 2206 475 2251 segnitiam
496 2209 532 2239 et
550 2204 743 2250 perfidiam
763 2209 800 2239 et
820 2204 953 2238 ducum
973 2206 1010 2238 et
1027 2203 1200 2246 militum,
1230 2203 1292 2247 qui
1311 2203 1473 2247 corrupti
1493 2207 1556 2237 aut
1574 2215 1639 2248 pu-

281 2263 395 2297 gnare
410 2251 587 2285 nolebant
601 2250 715 2285 autin
730 2249 892 2283 diversas
906 2252 1030 2293 partes
1050 2248 1298 2291 transiebant,
1319 2248 1438 2282 Cinna
1452 2254 1489 2282 et
1501 2249 1640 2283 Marius

281 2299 318 2330 in
343 2296 471 2331 urbem
490 2296 629 2341 recepti
649 2298 750 2338 sunt,
776 2295 837 2339 qui
856 2295 961 2329 velut
980 2298 1125 2338 captam
1146 2305 1226 2328 eam
1245 2293 1421 2328 caedibus
1441 2304 1483 2328 ac
1501 2294 1640 2338 rapinis

280 2345 517 2376 vastaverunt
536 2341 600 2376 Cn.
618 2340 771 2375 Octavio
791 2340 940 2374 consule
960 2341 1079 2374 occiso
1099 2343 1136 2373 et
1155 2339 1323 2373 omnibus
1338 2339 1512 2374 adversae
1525 2339 1641 2384 partis

282 2387 466 2421 nobilibus
479 2387 683 2429 trucidatis,
704 2386 800 2420 inter
814 2396 902 2430 quos
916 2384 965 2418 M.
980 2384 1155 2427 Antonio,
1177 2384 1475 2429 eloquentissimo
1488 2385 1576 2428 viro,
1599 2384 1639 2419 C.

282 2433 398 2466 Lucio
414 2435 518 2477 [que]
536 2431 705 2473 Caesare,
728 2442 881 2475 quorum
895 2430 1019 2474 capita
1032 2430 1069 2463 in
1082 2431 1208 2464 rostris
1221 2430 1342 2474 posita
1356 2434 1451 2463 sunt.
1489 2429 1640 2464 Crassus

282 2477 379 2510 filius
400 2478 445 2511 ab
466 2477 650 2521 equitibus
669 2476 856 2510 Fimbriae
877 2477 1037 2519 occisus,
1062 2480 1168 2520 pater
1182 2475 1353 2517 Crassus,
1374 2486 1419 2509 ne
1440 2475 1528 2519 quid
1548 2475 1638 2509 indi—

283 2534 395 2566 gnum
409 2523 541 2557 virtute
556 2533 622 2556 sua
634 2525 833 2566 pateretur,
843 2521 969 2566 gladio
984 2532 1021 2555 se
1036 2520 1229 2555 transfixit.
1252 2524 1288 2555 et
1301 2521 1393 2554 citra
1406 2520 1483 2554 ulla
1492 2520 1639 2554 comitia

284 2567 452 2601 consules
476 2568 514 2601 in
533 2570 745 2612 sequentem
766 2577 901 2600 annum
921 2578 958 2600 se
972 2566 1070 2610 ipsos
1095 2566 1412 2609 renuntiaverunt,
1439 2565 1640 2609 eodemque

285 2613 354 2655 die,
377 2623 447 2656 quo
461 2613 718 2658 magistratum
731 2611 905 2653 inierant,
927 2611 1064 2645 Marius
1079 2610 1161 2646 Sex.
1175 2611 1359 2645 Licinium
1373 2615 1580 2645 senatorem
1594 2610 1639 2644 dc

285 2668 370 2690 saxo
392 2657 485 2691 deici
504 2658 624 2701 iussit,
646 2656 826 2700 editisque
846 2656 1010 2699 plurimis
1030 2656 1228 2691 sceleribus
1248 2656 1369 2690 idibus
1383 2655 1564 2689 Ianuariis
1578 2655 1639 2688 de-

286 2702 411 2745 cessit,
433 2702 486 2736 vir
505 2702 606 2736 cuius
625 2703 655 2736 si
669 2701 922 2737 examinentur
935 2712 1018 2735 cum
1031 2701 1226 2735 viltutibus
1240 2701 1345 2744 vitia,
1366 2700 1457 2734 haut
1469 2699 1579 2735 facilc
1594 2700 1640 2734 sit
