1804 2926
415 209 703 247 PERIOCHAE
729 205 995 242 LIBRORUM
1021 205 1105 241 CVI
1114 227 1156 231 —
1165 205 1242 240 CX.
1410 193 1461 234 21
1470 193 1490 234 7

136 307 284 341 habitus
314 307 386 347 est,
416 306 458 337 ut
482 303 519 336 in
544 310 673 345 campo
698 298 831 332 Martio
858 296 1085 341 sepeliretur.
1135 294 1327 330 Gallorum
1353 295 1494 338 aliquot

137 351 264 396 populi
281 349 496 394 Ambiorige
522 347 631 389 duce,
660 347 781 390 [rege]
802 343 1033 385 Eburonum,
1061 341 1293 384 defecerunt3
1319 351 1342 374 a
1361 339 1494 384 quibus

137 397 247 431 Cotta
265 399 302 430 et
315 394 480 428 Titurius
499 392 613 437 legati
627 389 794 424 Caesaris
814 387 1053 422 circumventi
1072 387 1213 420 insidiis
1232 397 1313 420 cum
1334 385 1494 420 exercitu

137 441 193 476 cui
213 443 411 486 praeerant
429 438 524 473 caesi
546 439 642 470 sunt.
679 439 717 470 et
735 445 817 468 cum
837 433 991 468 aliarum
1012 443 1156 477 quoque
1170 431 1359 477 legionum
1373 433 1495 464 castra

137 489 353 531 oppugnata
374 493 509 528 magno
534 481 661 515 labore
681 480 835 514 defensa
854 483 993 521 essent,
1020 480 1115 512 inter
1133 488 1228 521 quae
1249 477 1342 519 eius,
1370 475 1433 520 qui
1457 475 1495 508 in

138 530 308 566 Treveris
320 531 492 574 praeerat
505 526 549 567 Q.
564 525 768 567 Ciceronis,
790 525 836 559 ab
850 525 929 568 ipso
945 523 1103 558 Caesare
1121 523 1246 557 hostes
1265 521 1404 566 proelio
1422 519 1495 553 fusi

137 580 232 610 sunt.
257 575 306 609 M.
321 575 476 609 Crassus
489 572 629 606 bellum
641 570 789 605 Parthis
802 570 984 604 inlaturus
997 569 1213 614 Euphraten
1226 567 1361 601 flumen
1375 570 1494 599 trans-

136 622 196 665 iit,
220 623 411 663 victusque
436 617 593 662 proelio,
620 617 658 650 in
678 626 750 661 quo
770 619 808 650 et
825 614 922 648 filius
943 615 1021 649 eius
1042 614 1192 655 cecidit,
1219 623 1300 647 cum
1318 611 1494 661 reliquias

138 665 317 701 exercitus
337 664 374 698 in
393 663 524 698 collem
543 661 761 707 recepisset,
783 666 955 696 evocatus
974 660 1011 693 in
1031 659 1253 703 colloquium
1267 657 1314 691 ab
1327 656 1495 690 hostibus

135 711 236 746 velut
249 710 292 745 de
306 720 397 754 pace
411 708 559 752 acturis,
575 718 728 752 quorum
741 707 814 740 dux
826 709 906 740 erat
919 704 1090 748 Surenas,
1106 703 1390 749 comprehensus
1404 705 1440 736 et
1448 711 1494 735 ne

137 755 225 801 quid
238 756 340 790 vivus
353 757 543 800 pateretur
554 763 781 798 repugnanS,
796 751 1011 786 interfectus
1025 754 1091 785 est.

694 805 744 830 Ex
763 805 836 830 Lm.
857 803 957 829 CVII..

204 845 244 881 C.
260 844 398 880 Caesar
411 843 582 879 Treveris
595 842 633 877 in
642 842 767 877 Gallia
779 842 885 876 victis
898 841 1029 876 iterum
1042 840 1079 874 in
1088 839 1324 875 Germaniam
1337 837 1493 881 transiit,

135 891 311 935 nulloque
336 890 388 924 ibi
412 891 516 925 hoste
541 889 689 923 invento
714 898 880 923 reversus
900 887 937 920 in
957 885 1121 921 Galliam
1133 885 1326 920 Eburonas
1346 888 1385 919 et
1403 884 1495 918 alias

138 937 303 971 civitates
330 947 424 981 quae
449 934 749 979 conspiraverant
772 933 860 967 vicit
880 936 917 967 et
933 931 1187 977 Ambiorigem
1206 932 1244 964 in
1261 930 1353 976 fuga
1371 940 1493 974 perse-

137 986 242 1016 cutus
255 985 321 1016 est.
346 981 389 1015 P.
405 979 511 1015 Clodi
525 991 547 1014 a
561 979 605 1013 T.
620 979 743 1013 Annio
757 978 907 1021 Milone,
923 977 1120 1011 candidato
1134 976 1355 1019 consulatus,
1371 974 1495 1026 Appia

136 1027 196 1061 via
216 1027 263 1061 ad
276 1026 439 1060 Bovillas
460 1025 571 1060 occisi
591 1036 723 1068 corpus
742 1023 848 1068 plebs
862 1023 899 1056 in
913 1023 1015 1057 cruia
1028 1022 1214 1056 cremavit.
1251 1032 1333 1056 cum
1347 1020 1494 1054 seditio-

137 1083 204 1107 nes
227 1072 323 1106 inter
347 1071 564 1105 candidatos
589 1070 801 1104 consulatus
819 1068 1053 1114 Hypsaeum,
1075 1067 1300 1112 Scipionem,
1321 1065 1498 1100 Milonem

138 1121 277 1160 essent,
305 1117 366 1161 qui
391 1117 501 1150 armis
526 1127 569 1150 ac
594 1114 934 1156 vicmtendebant,
962 1113 1008 1147 ad
1035 1112 1327 1157 comprimendas
1346 1122 1409 1146 eas
1429 1110 1496 1145 Cn.

140 1162 336 1208 Pompeius
350 1164 374 1205 †
386 1161 532 1206 legatus
551 1164 588 1195 et
607 1172 629 1194 a
649 1163 779 1194 senatu
798 1159 926 1193 consul
944 1159 1053 1192 tertio
1072 1158 1191 1192 factus
1212 1161 1284 1199 est,
1307 1156 1439 1191 absens
1460 1161 1497 1189 et

138 1208 248 1246 solus,
264 1207 362 1251 quod
375 1206 468 1240 nulli
482 1206 545 1240 alii
556 1216 729 1250 umquam
743 1204 910 1249 contigit.
936 1204 1148 1248 quaestione
1163 1203 1313 1237 decreta
1327 1202 1372 1236 (le
1380 1204 1496 1234 morte

138 1252 180 1287 Ρ.
196 1252 332 1295 Clodii,
354 1251 443 1285 Milo
458 1251 592 1285 iudicio
607 1251 802 1284 damnatus
816 1250 853 1282 in
868 1249 1032 1284 exsilium
1047 1252 1150 1282 actus
1162 1252 1227 1282 est.
1265 1248 1323 1282 lex
1337 1248 1414 1281 lata
1428 1251 1494 1290 cst,

138 1302 179 1332 ut
195 1298 290 1332 ratio
310 1297 472 1331 absentis
493 1296 660 1330 Caesaris
681 1296 719 1329 in
739 1294 916 1339 petitione
936 1294 1148 1328 consulatus
1167 1293 1365 1327 haberetur
1383 1291 1497 1325 invito

139 1347 176 1377 et
195 1342 469 1377 contradicente
483 1340 533 1374 M.
549 1340 701 1375 Catone.
739 1343 933 1384 praetcrea
951 1350 1009 1373 res
1029 1343 1153 1384 gestas
1169 1349 1190 1372 a
1204 1337 1243 1372 C.
1259 1337 1418 1372 Caesare
1434 1336 1497 1370 ad-

137 1399 262 1422 versus
283 1387 431 1429 Gallos,
460 1386 521 1430 qui
545 1397 659 1430 prope
684 1384 843 1419 universi
861 1383 1194 1429 Vercingentorige
1213 1384 1379 1417 Arverno
1405 1382 1498 1416 duco

138 1432 370 1475 defecerunt,
398 1436 435 1466 et
457 1430 661 1465 laboriosas
687 1429 897 1464 obsidiones
915 1429 1061 1462 urbium
1080 1429 1260 1473 continet,
1286 1429 1382 1462 inter
1407 1438 1498 1472 quas

138 1478 288 1512 Avarici
299 1477 510 1522 Biturigum
524 1480 562 1511 et
575 1475 783 1521 Gergoviae
797 1475 1055 1509 Arvernorum.

688 1528 737 1552 Ex
757 1528 830 1552 Lm.
851 1526 952 1552 cvm.

206 1567 246 1602 C.
262 1567 400 1603 Caesar
420 1566 550 1601 Gallos
573 1566 620 1600 ad
639 1566 804 1600 Alesiam
822 1565 910 1599 vicit
929 1575 1127 1609 omnesque
1151 1563 1298 1598 Galliae
1318 1562 1497 1606 civitates,

141 1624 234 1658 quae
248 1613 286 1646 in
301 1613 409 1646 armis
422 1612 581 1655 fuerant,
602 1613 639 1645 in
653 1611 877 1646 deditionem
893 1610 1047 1655 accepit.
1085 1609 1124 1644 C.
1139 1609 1304 1652 Cassius,
1326 1613 1500 1653 quaestor

139 1658 187 1692 M.
204 1657 338 1701 Crassi,
360 1657 530 1700 Parthos,
552 1657 665 1701 quiin
679 1656 824 1701 Syriam
838 1656 1152 1698 transcenderant,
1174 1655 1317 1690 cecidit.
1355 1654 1393 1687 in
1406 1654 1499 1699 peti-

139 1704 237 1738 tione
263 1703 476 1737 consulatus
500 1702 550 1736 M.
571 1703 663 1737 Cato
688 1701 873 1746 repulsam
898 1701 998 1745 tulit,
1026 1701 1158 1735 creatis
1183 1699 1395 1735 consulibus
1421 1700 1498 1733 Ser.

141 1748 320 1793 Sulpicio,
347 1748 396 1781 M.
416 1747 605 1782 Marcello.
642 1747 682 1781 C.
703 1747 841 1782 Caesar
858 1746 1076 1780 Bellovacos
1102 1757 1183 1780 cum
1205 1746 1286 1779 aliis
1307 1744 1499 1779 Gallorum

139 1793 285 1838 populis
310 1793 459 1827 domuit.
495 1796 690 1838 praeterea
716 1794 970 1827 contentiones
988 1792 1083 1825 inter
1101 1791 1271 1825 consules
1291 1791 1336 1824 de
1357 1802 1499 1824 succes-

140 1850 220 1873 sore
236 1838 275 1872 C.
291 1837 441 1872 Caesari
454 1839 646 1882 mittendo,
669 1842 804 1883 agente
818 1837 855 1871 in
870 1840 1001 1871 senatu
1015 1837 1064 1870 M.
1079 1837 1256 1871 Marcello
1271 1836 1420 1870 consule
1431 1862 1438 1873 .
1461 1839 1501 1869 ut

141 1883 280 1918 Caesar
294 1883 341 1917 ad
354 1884 568 1927 petitionem
582 1885 793 1917 consulatus
806 1883 958 1925 veniret,
975 1883 1101 1916 cumis
1115 1882 1198 1927 lege
1213 1882 1291 1916 lata
1305 1882 1341 1915 in
1355 1885 1499 1925 tempus

141 1929 350 1962 consulatus
363 1928 569 1971 provincias
583 1929 747 1963 obtinere
763 1928 926 1972 deberet,
946 1938 1077 1972 resque
1093 1939 1114 1962 a
1128 1927 1177 1961 M.
1191 1927 1325 1961 Bibulo
1340 1927 1377 1960 in
1393 1926 1500 1972 Syria

142 1977 265 2019 gestas
280 1974 453 2007 continet.

375 2026 425 2050 Ex
444 2026 513 2050 Lm
539 2025 643 2050 cvlm
663 2025 728 2057 Qvi
746 2026 815 2051 EST
835 2026 972 2050 01V1L1s
991 2026 1105 2050 BELLI
1124 2026 1271 2050 PRIMVS.

210 2063 353 2098 Causae
373 2063 534 2097 civilium
552 2075 734 2097 armorum
753 2068 790 2098 et
808 2064 914 2098 initia
938 2063 1147 2098 referuntur
1173 2063 1499 2107 contentionesque

144 2110 189 2144 de
216 2119 424 2143 successore
445 2107 484 2142 C.
505 2108 656 2143 Caesari
680 2108 876 2152 mittendo,
904 2120 986 2142 cum
1007 2120 1044 2143 se
1066 2108 1298 2142 dimissurum
1319 2109 1500 2142 exercitus

141 2158 307 2200 negaret,
322 2153 392 2187 nisi
406 2165 428 2187 a
439 2153 617 2198 Pompeio
632 2153 912 2187 dimitterentur.
944 2157 981 2187 et
995 2153 1034 2187 C.
1050 2153 1217 2187 Curionis
1230 2153 1367 2187 tribuni
1381 2153 1499 2197 plebis

142 2200 298 2244 primum
323 2199 495 2233 adversus
515 2199 727 2241 Caesarem,
754 2199 839 2233 dein
863 2209 927 2243 pro
949 2198 1108 2233 Caesare
1134 2199 1298 2232 actiones
1324 2198 1498 2232 continet.

143 2257 224 2279 cum
246 2248 393 2279 senatus
413 2244 618 2278 consultum
632 2244 769 2277 factum
785 2249 898 2286 esset,
919 2248 959 2277 ut
973 2254 1162 2278 successor
1175 2244 1325 2278 Caesari
1338 2244 1499 2277 mittere-

143 2294 212 2333 tur,
227 2289 277 2322 M.
291 2289 454 2323 Antonio
468 2292 505 2323 et
519 2289 561 2329 Q.
578 2288 703 2323 Cassio
717 2289 874 2322 tribunis
889 2289 1025 2333 plebis,
1047 2289 1219 2333 quoniam
1232 2289 1499 2323 intercessioni-

142 2335 211 2369 bus
229 2335 266 2368 id
286 2338 435 2369 senatus
456 2333 935 2378 consultumimpediebant,
956 2334 1046 2368 urbe
1060 2334 1191 2378 pulsis,
1214 2334 1500 2385 mandatumque

144 2392 166 2413 a
178 2383 309 2414 senatu
323 2379 532 2413 consulibus
547 2382 584 2413 et
597 2378 662 2412 Cn.
677 2379 865 2423 Pompeio,
879 2383 920 2413 ut
932 2379 1163 2421 viderent,ne
1179 2379 1266 2423 quid
1279 2390 1336 2413 res
1350 2379 1501 2423 publica

144 2425 354 2459 detrimenti
368 2428 527 2468 caperet,
544 2424 583 2459 C.
594 2424 731 2458 Caesar
743 2424 842 2458 bello
856 2424 1020 2458 inimicos
1034 2430 1292 2468 persecuturus
1305 2436 1387 2457 cuin
1401 2436 1499 2458 exer-

144 2470 218 2504 citu
231 2469 267 2503 in
282 2469 430 2503 Italiam
442 2470 553 2512 venit,
569 2468 768 2503 Corfinium
782 2481 863 2503 cum
877 2469 920 2502 L.
934 2469 1098 2503 Domitio
1115 2473 1152 2503 et
1164 2470 1206 2503 P.
1222 2469 1382 2503 Lentulo
1403 2470 1501 2513 cepit

143 2526 278 2559 eosque
310 2514 462 2558 dimisit,
501 2514 566 2549 Cn.
590 2514 807 2559 Pompeium
843 2519 1057 2559 ceterosque
1088 2515 1248 2560 partium
1279 2515 1357 2549 eius
1390 2515 1501 2549 Italia

144 2560 294 2605 expulit.

370 2613 419 2637 Ex
439 2613 512 2636 LIB.
529 2611 579 2637 cx
599 2612 664 2644 QVI
683 2612 752 2637 EST
772 2612 908 2638 ClvlLls
929 2613 1041 2637 BELH
1061 2613 1271 2639 SECVNDVS.

213 2649 254 2685 C.
268 2649 404 2684 Caesar
417 2650 618 2684 Massiliam
628 2677 636 2693 ‚
658 2661 752 2694 quae
767 2654 892 2698 portas
905 2651 1105 2693 clauserat,
1128 2651 1290 2694 obsedit,
1312 2654 1348 2686 et
1360 2651 1498 2686 relictis

145 2694 182 2730 in
201 2695 391 2730 obsidione
410 2695 510 2729 urbis
525 2696 602 2730 eius
615 2696 749 2741 legatis
764 2696 803 2731 C.
819 2696 1006 2731 Trebonio
1021 2700 1057 2730 et
1071 2696 1117 2730 D.
1133 2696 1246 2731 Bruto
1261 2697 1447 2742 profectus
1461 2699 1498 2731 in
