1804 2926
311 232 600 270 PERIOCHAE
625 229 893 266 LIBRORUM
916 228 1318 264 Lxxx-LXXXV,
1411 220 1460 261 21
1474 222 1489 261 l

142 330 258 373 dictu,
278 330 398 361 utrum
416 325 515 360 bello
534 322 662 358 melior
681 334 728 357 311
746 333 838 367 pace
852 321 1091 367 perniciosior
1103 320 1224 356 fuerit.
1253 320 1363 364 adeo,
1385 332 1494 365 quam

141 387 216 410 rem
240 373 428 419 publicam
452 373 613 405 armatus
638 369 812 411 servavit,
839 379 920 402 eam
941 367 1057 412 primo
1076 370 1224 412 togatus
1244 366 1340 400 omni
1359 377 1495 411 genere

141 420 291 462 fraudis,
305 421 488 462 postremo
504 415 612 449 armis
626 414 807 448 hostiliter
820 413 962 448 evertit.

673 467 723 491 Ex
741 467 814 490 ΜΒ.
836 466 962 490 Lxxxl.

207 509 251 543 L.
267 507 370 554 Sylla
382 507 566 548 Athenas,
589 516 679 549 quas
692 504 898 538 Archelaus
919 503 1129 548 praefectus
1143 503 1368 538 Mithridatis
1387 514 1491 537 occu-

138 558 302 599 paverat,
318 551 604 587 circumsedente
622 553 646 593 [.
663 577 669 583 .
687 553 711 593 .]
728 554 764 584 et
777 560 1005 583 01111111130110
1020 549 1145 584 labore
1159 552 1397 595 expugnaret,
1412 549 1493 582 urbi

139 601 346 634 libertatem
360 602 396 632 et
410 608 503 642 quac
518 596 724 630 habuerant
736 595 908 629 reddidit.
934 577 1140 640 ⁴Magnesia,
1157 605 1250 639 quae
1265 595 1343 628 5013
1356 594 1393 628 111
1402 594 1494 627 Asia

138 645 266 679 civitas
290 644 328 677 in
351 642 424 677 fide
443 644 644 684 manserat,
666 652 806 674 summa
825 640 958 674 virtute
979 640 1152 674 adversus
1172 639 1411 673 Mithridaten
1431 639 1492 673 de-

137 690 242 724 fensa
256 692 321 723 est.
345 691 539 733 praeterea
552 686 783 721 excursiones
799 686 984 719 Thracum
998 685 1036 719 in
1048 682 1304 720 Macedoniam
1318 685 1492 719 continet.

660 739 710 764 Ex
730 739 805 763 L113.
825 739 965 763 Lxxxn.

206 778 311 824 Sylla
335 777 460 822 copias
484 776 600 822 regis,
629 788 723 822 quae
749 776 970 810 Macedonia
995 779 1175 820 occupata
1198 775 1235 809 in
1261 775 1490 809 Thessaliam

137 827 322 867 venerant,
337 823 477 868 proelio
490 823 577 856 vicit
590 823 706 856 caesis
720 822 877 855 hostium
892 825 1037 855 0011111111
1050 821 1198 854 milibus
1212 824 1248 855 et
1262 821 1390 854 castris
1405 832 1492 864 quo-

138 881 207 914 que
222 868 452 914 expugnatis.
483 873 658 902 renovato
674 867 806 901 deinde
820 867 917 901 bello
932 866 1062 900 iterum
1077 866 1273 901 exercitum
1287 866 1385 912 regis
1397 866 1492 902 fudit

136 927 180 949 ac
199 915 344 948 delevit.
380 913 586 947 Archelaus
606 924 687 947 cum
708 913 826 946 classe
845 912 948 957 regia
964 912 1088 956 Syllae
1108 923 1145 946 se
1160 911 1322 945 tradidit.
1359 911 1402 944 L.
1417 914 1490 948 Va-

135 960 247 994 lerius
260 959 416 993 Flaccus
430 959 567 1002 consul,
583 959 727 1004 collega
740 957 892 1000 Cinnae,
907 958 1047 997 missus,
1069 962 1109 990 ut
1124 956 1249 1002 Syllae
1265 957 1489 1002 succederet,

135 1009 286 1050 propter
305 1004 495 1038 avaritiam
516 1004 653 1037 invisus
673 1003 846 1038 exercitui
866 1013 930 1037 suo
951 1014 972 1036 a
986 1001 1025 1036 C.
1040 1002 1204 1037 Fimbria
1222 1002 1346 1047 legato
1366 1002 1491 1048 ipsiuS,

134 1051 286 1084 ultimae
312 1049 487 1083 audaciae
512 1049 677 1092 homine,
704 1049 844 1082 occisus
870 1052 925 1083 est
949 1052 985 1082 et
1009 1048 1200 1092 imperium
1226 1048 1273 1080 ad
1292 1047 1491 1083 Fimbriam

135 1095 364 1130 translatum.
402 1098 596 1139 praeterea
621 1101 852 1139 expugnatae
879 1094 915 1127 in
934 1093 1027 1127 Asia
1051 1093 1161 1127 urbes
1181 1104 1203 1126 a
1222 1091 1437 1128 Mithridate
1457 1098 1492 1129 et

136 1141 332 1175 crudeliter
352 1139 496 1184 direpta
514 1139 714 1185 provincia,
735 1139 962 1173 incursiones
981 1138 1166 1173 Thracum
1185 1138 1223 1172 in
1236 1137 1489 1174 Macedoniam

134 1186 351 1221 referuntur.

654 1231 703 1256 Ex
722 1231 795 1256 LlB.
814 1231 969 1256 LXXXIII.

203 1275 354 1310 Flavius
368 1273 533 1309 Fimbria
550 1274 587 1308 in
601 1275 691 1308 Asia
703 1275 793 1308 fusis
812 1274 952 1318 proelio
973 1275 1113 1319 aliquot
1131 1275 1329 1319 praefectis
1348 1275 1490 1309 Mithri-

135 1322 230 1355 datis
254 1321 382 1354 urbem
408 1320 629 1365 Pergamum
655 1319 769 1363 cepit,
801 1320 1063 1364 obsessumque
1090 1332 1214 1365 regem
1239 1331 1313 1354 non
1337 1321 1493 1355 multum

135 1366 228 1400 afuit
246 1366 332 1410 quin
347 1370 506 1409 caperet.
543 1365 672 1399 urbem
686 1364 814 1408 Ilium,
837 1375 931 1408 quae
946 1376 984 1399 se
998 1366 1173 1409 potestati
1189 1365 1314 1411 Syllae
1329 1378 1491 1401 reserva-

134 1411 208 1454 bat,
225 1410 449 1455 expugnavit
463 1421 505 1443 ac
521 1409 666 1453 delevit,
683 1414 719 1444 et
732 1420 905 1455 magnam
919 1414 1061 1454 partem
1075 1411 1188 1445 Asiae
1202 1411 1352 1455 recepit.
1387 1410 1494 1456 Sylla

134 1456 382 1500 compluribus
395 1454 543 1501 proeliis
558 1454 724 1488 Thracas
738 1454 883 1489 cecidit.
911 1466 993 1488 cum
1006 1455 1050 1488 L.
1065 1455 1182 1490 Cinna
1198 1461 1233 1489 et
1246 1456 1310 1489 Cn.
1320 1457 1492 1501 Papirius

133 1501 272 1544 Carbo,
307 1511 329 1534 a
354 1511 391 1534 se
422 1499 511 1543 ipsis
538 1500 706 1534 consules
729 1511 796 1544 per
820 1500 1009 1533 biennium
1035 1501 1166 1544 creati,
1199 1501 1337 1534 bellum
1363 1506 1492 1536 contra

134 1546 274 1591 Syllam
293 1548 574 1590 praepararent,
597 1545 767 1579 effectum
787 1548 843 1579 est
861 1556 926 1589 per
940 1545 983 1578 L.
998 1545 1189 1580 Valerium
1202 1546 1378 1580 Flaccum
1393 1549 1490 1591 prin-

133 1592 251 1635 cipem
269 1595 435 1633 senatus,
457 1590 519 1634 qui
539 1591 740 1625 orationem
760 1590 796 1623 in
811 1594 942 1624 senatu
956 1590 1102 1635 habuit,
1126 1595 1162 1625 et
1174 1603 1240 1635 per
1253 1603 1315 1626 005
1330 1593 1391 1636 qui
1407 1604 1490 1626 eon-

132 1636 277 1670 cordiae
292 1636 508 1677 studebant,
530 1640 571 1669 ut
584 1636 698 1681 legati
712 1636 757 1669 ad
773 1635 914 1680 Syllam
929 1635 973 1670 de
987 1647 1079 1680 pace
1093 1637 1334 1671 mitterentur.
1373 1638 1492 1672 Cinna

135 1681 181 1715 ab
197 1681 357 1716 exercitu
371 1692 447 1724 suo,
464 1691 571 1725 quem
584 1681 737 1715 invitum
752 1681 912 1726 cogebat
925 1693 1036 1715 naves
1052 1683 1298 1716 conscendere
1313 1686 1350 1717 et
1363 1684 1489 1717 adver-

132 1738 193 1760 sus
219 1726 359 1771 Syllam
390 1726 589 1771 proficisci,
620 1726 837 1760 interfectus
869 1730 934 1760 est.
990 1727 1220 1761 consulatum
1247 1727 1367 1762 Carbo
1392 1729 1490 1762 501115

133 1771 257 1816 gessit.
285 1770 388 1816 Sylla
402 1783 483 1805 cum
496 1772 533 1805 in
546 1771 674 1805 Asiam
688 1771 903 1814 traiecisset,
920 1783 1050 1816 pacem
1065 1784 1146 1806 cum
1160 1772 1374 1807 Mithridate
1388 1774 1489 1817 fecit,

132 1817 185 1850 ita
197 1821 238 1850 ut
250 1816 306 1850 his
320 1817 467 1851 cederet
479 1817 691 1860 provinciis:
717 1817 808 1850 Asia
818 1844 826 1859 ,
841 1817 1035 1862 Bithynia,
1052 1817 1300 1862 Cappadocia.
1326 1819 1492 1853 Fimbria

134 1861 298 1895 desertus
324 1861 370 1895 ab
397 1863 573 1905 exercitu,
601 1862 663 1906 qui
683 1863 730 1896 ad
751 1862 891 1907 Syllam
910 1863 1120 1906 transierat,
1143 1864 1220 1908 ipse
1241 1875 1278 1898 50
1297 1865 1488 1908 percussit,

133 1907 412 1950 impetravitque
427 1907 472 1941 de
486 1918 589 1941 servo
604 1918 680 1949 suo,
694 1907 876 1951 praebens
891 1908 1079 1952 cervicem,
1094 1912 1134 1942 ut
1147 1920 1184 1943 se
1199 1909 1393 1944 occideret.

647 1960 697 1984 Ex
716 1960 789 1984 ΜΒ.
809 1961 978 1985 Lxxxnn.

202 1995 306 2041 Sylla
323 1996 475 2041 legatiS,
498 1996 559 2041 qui
573 2008 594 2031 a
613 2001 744 2031 senatu
762 1997 861 2031 missi
881 2002 1002 2039 erant,
1023 1997 1187 2032 futurum
1201 2011 1238 2034 se
1254 1999 1291 2033 in
1305 2003 1488 2043 potestate

134 2046 283 2076 senatus
308 2042 513 2085 respondit,
540 2042 569 2074 si
594 2042 708 2084 cives,
736 2042 798 2086 qui
818 2043 914 2086 pulsi
934 2043 1088 2077 aCinna
1107 2044 1154 2077 ad
1174 2055 1211 2078 se
1232 2046 1486 2090 confugerant,

133 2087 420 2121 restituerentur.
458 2097 552 2131 quae
566 2087 732 2121 condicio
747 2098 828 2120 eum
840 2086 937 2122 iusta
951 2088 1094 2121 senatui
1107 2089 1301 2132 videretur,
1322 2101 1388 2133 per
1402 2089 1488 2124 Car-

133 2132 265 2166 bonem
278 2131 549 2176 factionemque
564 2131 651 2175 eius,
674 2132 731 2165 cui
744 2132 883 2166 bellum
896 2133 1089 2166 videbatur
1101 2133 1237 2177 utilius,
1258 2146 1303 2168 ne
1319 2135 1488 2169 eonveni-

130 2180 189 2211 ret
219 2177 389 2211 effectum
419 2181 484 2211 est.
534 2177 630 2211 idem
656 2176 776 2211 Carbo
808 2189 889 2210 cum
919 2178 966 2211 ab
993 2178 1160 2212 omnibus
1183 2179 1317 2214 Italiae
1343 2180 1488 2223 oppidis

132 2222 357 2266 coloniisque
383 2222 529 2256 obsides
548 2222 693 2267 exigere
713 2222 840 2265 vellet,
866 2226 907 2256 ut
925 2222 1036 2257 fidem
1056 2234 1180 2257 eorum
1200 2228 1327 2258 contra
1347 2224 1487 2269 Syllam

132 2267 332 2312 obligaret,
361 2278 540 2301 consensu
565 2272 713 2301 senatus
731 2267 937 2311 prohibitus
957 2271 1021 2301 est.
1059 2269 1161 2301 novis
1181 2269 1319 2303 civibus
1339 2274 1487 2304 senatus

133 2312 299 2346 consulto
318 2311 533 2357 suffragium
553 2313 678 2346 datum
698 2317 762 2346 051.
801 2312 844 2353 Q.
858 2313 1030 2346 Metellus
1048 2313 1152 2355 Pius,
1176 2314 1237 2358 qui
1256 2319 1379 2359 partes
1395 2315 1486 2359 opti-

132 2357 283 2391 matium
302 2360 447 2391 secutus
468 2361 562 2400 erat,
584 2369 666 2391 eum
687 2357 724 2390 111
737 2357 867 2391 Africa
886 2358 1022 2391 bellum
1041 2358 1245 2402 moliretur,
1268 2371 1290 2393 3
1308 2359 1346 2394 C.
1367 2360 1487 2394 Fabio

131 2406 300 2446 praetore
320 2402 445 2446 pulsus
465 2406 534 2444 est,
557 2406 778 2446 senatusque
798 2403 1003 2436 consultum
1016 2414 1082 2447 per
1095 2404 1293 2438 factionem
1308 2404 1486 2439 Carbonis

131 2452 169 2481 et
192 2447 442 2481 Marianarum
465 2447 624 2490 partium
649 2447 788 2481 factum
813 2451 884 2491 est,
917 2452 958 2481 ut
989 2459 1116 2482 omnes
1144 2449 1280 2494 ubique
1306 2451 1486 2485 exercitus

131 2493 410 2527 dimitterentur.
465 2492 629 2526 libertini
660 2492 695 2526 in
729 2492 890 2537 quinque
921 2496 958 2527 et
982 2493 1135 2538 triginta
1158 2495 1275 2528 tribus
1302 2495 1485 2530 distributi

131 2541 225 2571 sunt.
262 2541 456 2582 praeterea
475 2537 564 2572 belli
578 2541 813 2582 apparatum,
836 2538 933 2582 quod
947 2542 1075 2573 contra
1089 2538 1231 2585 Syllam
1245 2541 1486 2586 excitabatur,

129 2583 304 2617 continet.

660 2630 711 2655 Ex
729 2631 801 2655 LlB.
821 2632 958 2657 LXXXV.

199 2672 304 2719 Sylla
322 2674 359 2708 in
378 2674 525 2709 Italiam
544 2685 625 2709 cum
645 2676 805 2710 exercitu
824 2677 985 2720 traiecit,
1006 2678 1196 2723 missisque
1215 2679 1350 2725 legatis
1365 2679 1425 2724 qui
1441 2680 1485 2715 de

131 2729 221 2764 pace
236 2724 389 2765 agerent
402 2725 439 2755 et
453 2720 499 2755 ab
513 2721 661 2756 consule
675 2721 714 2757 C.
730 2722 905 2758 Norbano
919 2723 1076 2769 violatis,
1097 2725 1253 2759 eundem
1267 2725 1482 2761 Norbanum

1194 2782 1259 2816 14·
