1804 2926
193 445 210 475 9

174 571 182 597 1
192 570 212 598 Ο

193 942 210 969 10⁴

194 1809 212 1837 6

196 1996 211 2023 λ1

199 2553 217 2581 10

239 196 291 237 12
462 203 615 237 LIBER
639 202 827 247 XXXXI,
854 203 998 236 12-14.
1027 204 1074 245 [a.
1090 213 1123 236 u.
1139 213 1169 236 c.
1183 202 1260 236 577.
1276 202 1358 245 578]

235 308 328 362 plus
360 306 611 365 septingenti
644 314 716 347 aut
746 306 788 346 in
819 306 975 361 proelio
1000 313 1072 346 aut
1101 305 1144 346 in
1169 305 1313 346 castris
1337 328 1394 334 —-
1417 320 1512 346 nam
1540 320 1589 346 ea

235 383 404 424 quoque
428 377 667 423 expugnata
693 376 787 408 sunt
812 392 868 396 —
893 368 1002 422 capti
1028 375 1069 408 ct
1095 368 1215 421 signa
1239 367 1432 408 militaria
1457 382 1588 408 unum

237 440 277 472 et
313 430 619 484 quinquaginta
658 438 791 484 capta.
863 429 1066 484 Ligures,
1109 431 1312 482 reliquiae
1348 430 1506 479 caedis,
1547 429 1590 470 in

235 500 395 534 montes
420 492 664 545 refugerunt
685 491 923 545 passimque
950 491 1165 546 populanti
1192 491 1434 545 campestris
1467 505 1590 546 agros

238 554 398 595 consuli
422 554 537 594 nulla
561 566 741 605 usquam
773 564 1052 608 apparuerunt
1080 569 1207 594 arma.
1259 553 1462 594 Claudius
1489 553 1592 593 dua-

236 631 330 656 rum
360 616 549 670 gentium
578 627 663 654 uno
689 628 798 654 anno
824 615 976 663 victor,
1003 615 1186 663 duabus,
1214 615 1326 668 quod
1350 629 1443 656 raro
1470 615 1590 661 alius,

234 679 276 718 in
309 679 546 726 consulatu,
582 674 1025 731 paca[tiS....]tisque
1055 676 1280 732 provinciis
1311 677 1491 718 Romam
1527 691 1592 718 rc-

235 741 369 781 vertit.

319 802 449 842 XIII..
485 802 688 856 Prodigia
710 816 758 843 eo
772 815 880 842 anno
901 801 1102 850 nuntiata,
1123 801 1166 842 in
1182 800 1454 842 Crustumino
1469 817 1591 843 avem

236 864 492 917 sanqualem,
513 878 639 916 quam
660 871 824 912 vocant,
845 878 1009 904 sacrum
1028 864 1210 917 lapidem
1230 872 1363 904 rostro
1379 864 1590 912 cecidisse,

238 927 387 967 bovem
412 927 454 966 in
482 924 716 980 Campania
740 926 942 973 locutam,
969 940 1141 966 vaccam
1168 940 1341 966 aeneam
1369 925 1591 980 Syracusis

237 989 290 1028 ab
312 988 465 1042 agresti
493 998 624 1035 taum,
651 988 723 1040 qui
749 1002 897 1041 pecore
925 987 1171 1035 aberrasset,
1197 987 1342 1027 initam
1368 1002 1416 1028 ac
1437 988 1592 1029 semine

237 1065 462 1104 aspersam.
522 1050 566 1090 in
592 1048 864 1090 Crustumino
897 1049 1006 1090 diem
1031 1064 1163 1089 unum
1193 1049 1237 1089 in
1260 1049 1351 1102 ipso
1376 1049 1468 1090 loco
1495 1064 1593 1104 sup-

236 1112 403 1166 plicatio
429 1112 510 1152 fuit.
535 1119 573 1152 et
598 1111 642 1151 in
663 1110 898 1164 Campania
923 1111 998 1151 bos
1025 1111 1174 1151 alenda
1199 1111 1367 1165 publice
1393 1111 1490 1151 data
1512 1111 1593 1165 Sy-

237 1188 572 1227 racusanumque
593 1173 833 1228 prodigium
851 1173 1065 1227 expiatum
1086 1173 1206 1214 editis
1227 1173 1279 1213 ab
1301 1173 1593 1228 haruspicibus

237 1237 313 1286 dis,
339 1237 491 1289 quibus
517 1236 834 1290 supplicaretur.

323 1298 523 1339 Pontifex
549 1313 597 1339 eo
624 1312 733 1338 anno
758 1305 946 1338 mortuus
973 1304 1034 1338 est
1053 1297 1116 1338 M.
1134 1296 1338 1338 Claudius
1351 1298 1593 1345 Marcellus,

237 1360 309 1414 qui
344 1360 489 1401 consul
525 1373 755 1412 censorque
791 1359 940 1400 fuerat.
1007 1359 1051 1399 in
1088 1360 1176 1401 eius
1213 1360 1354 1400 locum
1391 1359 1591 1401 suffectus

237 1430 297 1463 est
323 1422 512 1476 pontifex
536 1421 645 1461 filius
672 1421 760 1461 eius
786 1421 848 1461 M.
874 1421 1117 1462 Blarcellus.
1169 1429 1208 1462 et
1235 1421 1404 1461 Lunam
1431 1421 1593 1462 colonia

238 1484 384 1525 eodem
410 1498 518 1523 anno
544 1483 626 1524 duo
652 1483 766 1523 milia
791 1483 944 1523 civium
965 1483 1251 1524 Romanorum
1278 1491 1371 1523 sunt
1400 1483 1592 1524 deducta.

238 1545 440 1585 triumviri
467 1545 729 1585 deduxerunt.
752 1544 802 1585 P.
829 1544 997 1594 Aelius,
1025 1544 1108 1599 [M.
1134 1543 1362 1598 Aemilius]
1389 1545 1592 1599 Lepidus,

240 1607 318 1648 Cn.
347 1607 549 1655 Sicinius3
582 1607 879 1661 quinquagena
905 1615 945 1648 et
977 1607 1141 1661 singula
1165 1607 1311 1661 iugera
1337 1615 1375 1647 ct
1402 1607 1593 1648 semisses

239 1671 329 1725 agri
353 1671 396 1711 in
422 1671 608 1725 singulos
634 1671 720 1710 dati
745 1678 853 1711 sunt.
893 1671 944 1712 de
958 1670 1191 1725 Liguribus
1218 1678 1363 1724 captus
1390 1668 1466 1725 [is]
1493 1685 1594 1724 ager

239 1742 344 1782 erat3
371 1732 645 1773 Etruscorum
671 1740 766 1773 ante
792 1748 919 1786 quam
943 1732 1155 1787 Ligurum
1179 1732 1329 1773 fuerat.

326 1794 375 1836 C.
405 1794 608 1836 Claudius
635 1795 779 1835 consul
811 1795 864 1835 ad
888 1795 1036 1836 urbem
1067 1795 1200 1844 venit3
1235 1795 1315 1843 cui,
1342 1809 1438 1835 cum
1461 1793 1505 1834 in
1530 1808 1594 1834 se-

237 1866 340 1899 natu
376 1858 426 1899 de
462 1858 588 1898 rebus
619 1857 662 1898 in
694 1858 855 1898 Histria
879 1857 1196 1911 Liguribusque
1234 1871 1433 1912 prospere
1463 1856 1593 1910 gestis

239 1918 562 1975 [disse1·uisset]‚
589 1920 816 1973 postulanti
842 1919 1078 1973 triumphus
1105 1927 1165 1960 est
1193 1919 1397 1960 decretus.
1447 1919 1594 1958 trium-

238 1982 383 2037 phavit
406 1982 449 2022 in
472 1982 721 2036 magistratu
747 1982 798 2022 de
825 1981 988 2022 duabus
1014 1982 1137 2022 simul
1162 1981 1372 2035 gentibus.
1432 1981 1526 2021 tulit
1549 1981 1593 2021 in

239 2059 287 2086 eo
313 2044 523 2098 triumpho
550 2044 767 2084 denarium
797 2051 980 2084 trecenta
1006 2043 1121 2083 milia
1146 2052 1306 2097 septem
1331 2050 1372 2084 et
1401 2042 1595 2083 victoria-

238 2109 325 2147 tuin
348 2107 560 2160 octoginta
584 2106 768 2159 quinque
794 2107 908 2146 milia
929 2107 1215 2160 septingentos
1237 2106 1355 2146 duos.
1392 2105 1594 2146 militibus

239 2168 281 2209 in
319 2168 504 2223 singulos
541 2169 654 2221 quini
693 2169 789 2210 deni
826 2168 968 2209 denari
1005 2169 1110 2217 dati,
1156 2168 1312 2222 duplex
1349 2167 1594 2215 centurioni,

241 2230 389 2284 triplex
415 2231 556 2283 equiti.
595 2231 716 2272 sociis
743 2230 914 2271 dimidio
936 2231 1073 2271 minus
1099 2245 1226 2284 quam
1251 2229 1411 2270 civibus
1437 2229 1593 2269 datum.

240 2292 380 2345 itaque
405 2291 533 2339 taciti,
558 2300 601 2332 ut
626 2293 753 2333 iratos
779 2308 869 2334 esse
895 2293 1083 2341 sentires,
1111 2292 1243 2333 secuti
1269 2299 1364 2332 sunt
1390 2306 1571 2332 currum.

327 2353 481 2393 XIIII.
529 2353 640 2394 Cum
675 2355 709 2395 is
749 2355 983 2409 triumphus
1021 2355 1072 2396 de
1109 2354 1341 2409 Liguribus
1378 2354 1595 2408 agebatur,

242 2414 424 2468 Ligures
451 2425 671 2468 postquam
699 2424 917 2458 senserunt
941 2431 1027 2457 non
1051 2417 1312 2457 consularem
1337 2424 1499 2456 tantum
1524 2430 1596 2456 ex·-

243 2476 416 2517 ercitum
443 2477 620 2516 Romam
646 2478 888 2527 abductum,
915 2479 987 2519 sed
1012 2479 1220 2533 legionem
1245 2478 1298 2519 ab
1323 2478 1388 2518 Ti.
1417 2476 1594 2518 Claudio

242 2538 352 2579 Pisis
379 2538 610 2587 dimissam,
648 2540 772 2580 soluti
796 2549 932 2589 metu,
969 2541 1076 2581 clam
1102 2541 1287 2582 exercitu
1311 2540 1485 2587 indicto,
1521 2554 1596 2594 per

244 2609 501 2642 transversos
542 2601 693 2641 limites
738 2603 942 2656 superatis
985 2604 1196 2644 montibus
1238 2603 1282 2643 in
1317 2616 1486 2656 campos
1523 2601 1611 2642 dev

244 2662 396 2717 gressi,
435 2677 582 2716 agrum
621 2663 904 2704 Mutinensem
943 2665 1148 2718 populati,
1186 2664 1400 2719 repentino
1436 2663 1593 2716 impetu
