1804 2926
545 143 697 177 LIBER
721 142 926 186 xxxxv,
954 142 1007 175 19.
1035 140 1237 185 [a.e.1ss7]
1489 131 1567 172 167

219 265 313 292 cum
346 248 453 288 duae
483 247 525 287 in
557 246 738 300 speeiem
762 245 961 287 honestae
992 260 1076 293 res,
1109 260 1193 286 una
1223 245 1447 300 gratulatio
1473 258 1571 286 0011-

218 312 387 354 veniens
411 310 453 350 in
475 325 523 351 ea
543 309 728 357 victoria,
755 323 882 362 quam
907 308 996 363 ipse
1016 307 1256 357 adiuvisset,
1282 308 1412 348 altera
1437 308 1572 363 queri-

217 373 356 414 monia
382 371 535 413 Gallici
561 372 763 411 tumultus
795 378 1074 426 acceptaeque
1100 370 1249 419 cladis,
1281 385 1364 424 qua
1396 384 1572 424 regnum

216 436 259 476 in
285 434 458 475 dubium
484 434 713 474 adductum
745 440 867 474 esset.
929 433 1096 473 suberat
1123 440 1163 474 et
1195 441 1355 473 secreta
1380 447 1474 486 spes
1499 432 1573 472 ho-

217 512 365 538 norum
390 495 755 551 praemiorumque
781 495 834 535 ab
861 503 1021 543 senatu,
1048 509 1155 548 quae
1183 494 1253 534 vix
1278 495 1394 534 salva
1417 494 1572 548 pietate

218 560 255 601 ei
280 559 522 613 contingere
548 564 752 613 poterant.
795 556 948 612 [erant]
972 558 1080 598 enim
1101 557 1271 610 quidam
1286 556 1573 597 Romanorum

217 635 385 675 quoque
410 635 494 661 non
519 620 619 661 boni
650 627 859 668 auctores,
891 620 963 673 qui
995 634 1067 673 spe
1094 619 1363 673 cupiditatem
1388 618 1476 659 eius
1502 618 1575 659 eli-

218 690 357 724 cerent
367 699 377 732 3
404 698 496 724 eam
522 682 762 737 opinionem
788 683 839 723 de
853 682 999 722 Attalo
1026 689 1064 722 et
1080 681 1271 722 Eumene
1285 681 1445 722 Romae
1468 694 1571 727 esse,

218 754 434 798 tamquam
459 746 510 786 de
538 745 666 786 altero
693 744 895 785 Romanis
921 751 1033 785 certo
1059 744 1205 792 amico,
1233 743 1361 784 altero
1386 756 1464 783 nec
1489 741 1575 783 Ro-

219 808 353 849 manis
366 822 443 848 nec
455 807 601 848 Persei
622 808 704 847 fido
725 806 850 847 socio.
888 807 1027 859 itaque
1043 806 1113 846 vix
1132 805 1258 846 statui
1278 819 1413 860 posse,
1432 812 1574 845 utrum

219 885 327 924 quae
352 885 427 924 pro
453 885 517 918 se,
550 885 601 910 an
628 884 735 922 quae
761 877 904 910 contra
935 869 1105 909 fratrem
1130 868 1335 922 petiturus
1362 874 1490 916 esset,
1524 866 1577 906 ab

221 939 367 973 senatu
395 932 531 986 magis
562 931 826 986 inpetrabilia
857 930 992 971 forent
1002 947 1012 979 3
1050 930 1155 971 adeo
1185 930 1400 970 universos
1438 927 1578 969 onmia

221 1002 261 1035 et
285 994 382 1034 huie
406 993 588 1034 tribuere
615 1001 653 1034 et
679 993 737 1033 illi
762 1007 860 1034 vero
885 1007 1053 1047 negare.
1103 1007 1248 1033 eorum
1270 991 1506 1039 hominum,
1531 996 1578 1030 ut

220 1072 285 1097 res
312 1056 473 1104 docuit,
500 1056 670 1096 Attalus
696 1063 803 1103 erat,
836 1055 909 1109 qui
935 1064 1139 1108 quantum
1165 1069 1259 1108 spes
1285 1052 1577 1108 spopondisset

221 1125 439 1172 cuperent,
476 1117 519 1157 ni
550 1117 673 1157 unius
705 1117 827 1157 amici
857 1117 1041 1171 prudens
1080 1116 1253 1157 monitio
1285 1116 1400 1157 velut
1435 1114 1576 1157 frenos

221 1180 360 1220 animo
386 1180 473 1220 eius
499 1179 694 1234 gestienti
720 1179 912 1220 secundis
939 1179 1063 1220 rebus
1089 1178 1355 1233 inposuisset.
1395 1176 1576 1218 Stratius

221 1258 316 1283 011111
343 1257 391 1282 eo
420 1241 499 1282 fuit
523 1241 724 1290 medicus,
750 1241 803 1281 ad
827 1241 869 1281 id
894 1240 1030 1296 ipsum
1058 1257 1081 1282 a
1105 1256 1190 1281 non
1215 1254 1361 1281 securo
1386 1239 1579 1280 Eumene

221 1305 400 1345 Romam
425 1303 597 1351 missus,
623 1303 859 1357 speculator
883 1318 1042 1352 rerum,
1068 1318 1176 1356 quae
1202 1318 1226 1343 a
1251 1302 1378 1343 fratre
1404 1316 1579 1356 ageren-

221 1375 307 1415 tur,
341 1366 604 1418 monitorque
629 1365 757 1413 fidus,
790 1365 823 1405 si
856 1365 1001 1406 decedi
1026 1366 1108 1406 fide
1134 1365 1316 1406 vidisset.
1365 1365 1399 1405 is
1425 1364 1479 1404 ad
1509 1378 1578 1404 oc-

221 1436 395 1482 cupatas
439 1428 523 1468 iam
566 1443 687 1468 aures
731 1427 1084 1480 sollicitatumque
1125 1426 1208 1467 iam
1253 1427 1439 1467 animum
1482 1441 1578 1467 cum

220 1490 422 1539 venisset,
468 1490 691 1544 adgressus
728 1490 984 1544 tempestivis
1023 1489 1285 1530 sermonibus
1322 1505 1412 1530 rem
1448 1504 1578 1543 prope

220 1553 459 1607 prolapsam
479 1552 673 1601 restituit,
695 1553 770 1593 alis
792 1553 873 1593 alia
892 1568 1023 1607 regna
1038 1552 1217 1593 crevisse
1238 1551 1365 1593 rebus
1380 1552 1577 1592 dicendo:

220 1631 398 1670 regnum
430 1630 573 1656 eorum
599 1630 775 1663 novum,
807 1615 931 1656 nullis
956 1615 1131 1656 vetustis
1165 1614 1389 1655 fundatum
1414 1615 1578 1669 opibus,

222 1677 406 1718 fraterna
443 1685 552 1718 stare
589 1677 831 1726 concordia,
870 1678 985 1731 quod
1015 1692 1124 1718 unus
1155 1692 1308 1717 nomen
1343 1677 1508 1731 regium
1540 1685 1581 1717 et

222 1740 495 1794 praecipuum
521 1740 666 1794 capitis
692 1740 856 1794 insigne
881 1748 1020 1794 gerat,
1046 1755 1190 1781 omnes
1216 1740 1365 1780 fratres
1390 1746 1578 1794 regnent.

224 1803 417 1842 Attalum
436 1816 550 1851 vcro,
577 1802 648 1855 qui
674 1810 808 1843 aetate
834 1803 1049 1857 proximus
1070 1803 1135 1852 sit,
1162 1803 1255 1856 quis
1276 1817 1360 1843 non
1384 1816 1460 1857 pro
1481 1816 1580 1855 rege

224 1864 400 1904 habeat?
424 1878 560 1916 neque
586 1879 634 1904 eo
655 1864 803 1912 solum,
830 1865 928 1918 quia
948 1873 1083 1906 tantas
1108 1872 1349 1920 praesentes
1371 1865 1460 1906 eius
1480 1879 1580 1918 opes

226 1932 386 1974 cernat,
421 1925 495 1965 sed
527 1925 640 1977 quod
672 1925 786 1965 haud
817 1926 1063 1980 ambiguum
1092 1942 1222 1981 prope
1248 1927 1358 1967 diem
1384 1936 1582 1980 regnatu-

225 2002 319 2028 rum
344 2002 440 2028 eum
464 1987 703 2027 infirmitate
729 1996 949 2041 aetateque
975 1988 1178 2029 Eumenis
1205 1989 1278 2036 sit,
1304 1989 1463 2028 nullam
1489 1988 1582 2028 stir-

225 2065 322 2104 pem
346 2049 525 2090 liberum
559 2049 750 2090 habentis
774 2073 831 2078 ———-
854 2051 1035 2090 necdum
1067 2051 1178 2091 enim
1210 2058 1440 2104 agnoverat
1471 2065 1581 2098 eum,

226 2111 299 2164 qui
323 2119 468 2166 postea
488 2111 680 2166 regnavit
693 2135 760 2151 ——.
798 2111 900 2164 quid
925 2112 1111 2152 adtinere
1137 2112 1223 2152 11111
1244 2112 1407 2152 adferre
1428 2111 1488 2152 rei
1508 2127 1583 2152 sua

227 2181 374 2227 sponte
406 2173 459 2213 ad
491 2188 586 2214 eum
619 2188 717 2213 mox
749 2174 977 2215 venturae?
1015 2174 1241 2215 accessisse
1272 2174 1396 2215 etiam
1428 2190 1582 2215 nova-m

228 2242 519 2288 tempestatem
543 2250 673 2289 regno
699 2236 901 2276 tumultus
928 2235 1095 2285 Gallici,
1122 2237 1188 2276 cui
1214 2236 1285 2276 vix
1310 2251 1515 2278 consensu
1541 2244 1582 2278 et

229 2297 452 2338 concordia
475 2312 623 2351 regum
648 2297 784 2338 resisti
809 2306 947 2350 queat.
987 2298 1021 2339 si
1047 2313 1146 2339 vero
1171 2299 1225 2339 ad
1250 2306 1469 2339 externum
1494 2299 1582 2340 bel-

229 2360 316 2399 lum
353 2359 582 2400 domestica
619 2360 766 2400 seditio
803 2360 1026 2409 adiciatur,
1065 2361 1154 2401 sisti
1190 2375 1273 2401 non
1310 2375 1445 2415 posse.
1505 2376 1582 2402 nec

230 2420 343 2460 aliud
369 2436 466 2461 eum
496 2435 641 2474 quam,
679 2437 730 2462 ne
761 2422 889 2462 frater
912 2422 955 2462 in
980 2438 1109 2477 regno
1136 2423 1355 2471 moriatur,
1393 2423 1471 2463 sibi
1502 2423 1583 2478 ipsi

230 2497 348 2536 spem
380 2483 660 2537 propinquam
684 2485 804 2539 regni
829 2491 1082 2539 erepturum.
1144 2485 1178 2526 si
1203 2492 1378 2538 utraque
1403 2485 1584 2540 gloriosa

229 2560 294 2585 res
322 2553 449 2593 esset,
482 2554 521 2586 et
547 2561 735 2587 servasse
766 2547 884 2587 fratri
909 2563 1085 2602 regnum
1111 2554 1151 2589 et
1176 2548 1398 2602 eripuisse,
1430 2547 1583 2588 servati

231 2616 370 2648 tamen
407 2608 544 2662 regni,
582 2622 689 2661 quae
722 2609 863 2650 iuncta
894 2610 1038 2664 pietati
1070 2610 1141 2659 sit,
1179 2610 1382 2664 potiorem
1414 2609 1582 2650 laudem

1604 1002 1619 1030 “J

1609 1627 1621 1655 1
1628 1628 1647 1653 o

1610 1816 1645 1843 11

1610 2125 1649 2153 12

1609 2311 1648 2340 13

1610 2498 1649 2526 14
