1804 2926
499 177 652 211 LIBER
676 177 864 221 XXXXI,
892 178 944 210 11.
966 177 1020 210 12.
1048 179 1097 219 [a.
1112 175 1152 210 C.
1168 177 1248 219 ΓΠ]
1500 170 1546 209 11

198 282 352 325 Histris
393 280 641 335 praebebat,
689 280 916 320 multorum
959 280 1120 320 dierum
1163 294 1288 334 opere
1331 288 1552 335 exceptum

196 359 306 387 novo
332 344 450 385 alveo
476 343 637 384 avertit.
687 357 737 384 ea
760 358 826 384 res
857 342 1058 383 barbaros
1082 342 1284 383 miraculo
1309 344 1455 384 terruit
1479 344 1553 384 ab-
1578 357 1598 386 4

197 407 328 448 scisae
354 419 507 459 aquae3
538 414 579 446 et
602 419 655 446 ne
687 412 776 446 tum
801 405 971 458 quidem
996 420 1200 446 memores
1226 405 1362 459 pacis,
1393 406 1436 446 in
1461 420 1554 447 cae-

196 469 291 510 dem
322 468 549 522 coniugum
579 482 627 508 ac
662 467 890 508 liberorum
918 467 1050 516 versi,
1082 467 1207 508 etiam
1237 476 1284 507 ut
1315 468 1553 522 spectaculo

196 530 385 571 hostibus
404 536 491 570 tam
510 529 681 570 foedum
697 528 860 570 facinus
875 536 997 578 esset,
1012 530 1153 584 palam
1165 529 1209 570 in
1221 529 1351 570 muris
1372 529 1554 570 trucida-

196 601 260 634 tos
280 592 624 648 praecipitabant.
661 592 770 633 inter
791 592 915 632 simul
931 592 1286 646 conplorationem
1305 591 1553 632 feminarum

195 668 518 711 puerorumque,
540 654 662 695 simul
681 654 908 696 nefandam
930 655 1114 702 caedem,
1135 654 1287 694 milites
1306 653 1554 708 transgressi

196 732 364 758 murum
389 717 591 771 oppidum
615 717 834 758 intrarunt.
896 718 1014 758 cuius
1042 717 1153 771 capti
1179 717 1302 758 simul
1327 732 1377 758 ex
1403 716 1554 771 pavido

199 780 379 821 clamore
391 779 644 833 fugientium
660 777 894 834 [nuntium]
906 779 1065 833 accepit
1079 794 1166 827 rex,
1181 779 1343 819 traiecit
1356 778 1466 820 ferro
1482 793 1555 832 pe—

200 849 305 890 ctus,
325 857 378 883 ne
392 842 513 882 vivus
528 851 746 896 caperetur
753 858 764 890 3
786 842 912 882 ceteri
933 842 1044 896 capti
1058 849 1129 882 aut
1143 841 1282 882 occisi.
1309 841 1392 882 duo
1406 841 1554 882 deinde
1583 855 1598 882 7

200 904 369 959 oppida,
393 904 550 945 Mutila
569 912 609 946 et
627 905 820 953 Faveria,
847 905 889 945 vi
915 913 1037 959 capta
1063 912 1104 945 et
1128 905 1276 945 deleta.
1314 904 1483 958 praeda,
1509 912 1552 943 ut

199 966 243 1007 111
266 975 393 1021 gente
424 966 556 1020 inopi,
594 981 667 1021 spe
698 966 831 1006 maior
861 966 958 1015 fuit,
993 974 1033 1007 et
1058 967 1192 1007 omnis
1224 966 1425 1006 militibus
1457 980 1555 1006 con-

201 1043 318 1069 cessa
343 1035 417 1069 est.
478 1028 663 1081 quinque
694 1028 808 1069 milia
839 1029 1024 1083 capitum
1050 1036 1241 1069 sescenta
1270 1028 1441 1083 triginta
1472 1027 1554 1067 duo

201 1091 279 1131 sub
305 1105 458 1131 corona
487 1090 720 1131 venierunt.
782 1097 972 1132 auctores
1004 1091 1103 1132 belli
1129 1090 1258 1145 virgis
1285 1090 1395 1131 caesi
1421 1098 1462 1130 01,
1492 1104 1556 1129 50-

200 1153 289 1194 curi
319 1152 519 1207 percussi.
579 1153 742 1193 Histria
773 1160 860 1193 tota
890 1153 1015 1193 trium
1047 1153 1297 1207 oppidorum
1328 1152 1490 1194 excidio
1516 1159 1556 1193 et

200 1223 332 1255 morte
363 1214 473 1269 regis
503 1224 652 1268 pacata
678 1223 737 1256 est
763 1229 989 1268 omnesque
1014 1216 1199 1268 undique
1230 1215 1376 1270 populi
1401 1213 1555 1255 obsidi-

200 1277 277 1317 bus
303 1276 408 1316 datis
433 1277 476 1316 in
501 1276 707 1316 dicionem
731 1285 948 1316 venerunt.

285 1337 376 1379 Sub
391 1337 565 1378 Histrici
589 1338 715 1379 finem
741 1338 839 1378 belli
861 1346 960 1392 aput
975 1338 1158 1392 Ligures
1179 1338 1355 1379 concilia
1375 1338 1426 1380 (10
1446 1338 1555 1378 bello

199 1400 344 1440 haberi
369 1407 529 1454 coepta.

282 1461 390 1502 ΧΠ.
428 1461 494 1501 Τ1.
511 1459 716 1501 Claudius
741 1461 978 1515 proconsul,
1006 1461 1078 1515 qui
1102 1469 1269 1516 praetor
1289 1461 1426 1516 priore
1446 1475 1554 1502 anno

199 1524 348 1572 fuerat,
375 1537 471 1564 cum
494 1523 701 1578 praesidio
722 1524 896 1577 legionis
915 1524 1038 1564 unius
1059 1524 1170 1564 Pisis
1195 1531 1399 1578 praeerat.
1437 1524 1555 1564 cuius

198 1586 343 1628 litteris
359 1594 526 1626 senatus
542 1586 692 1626 certior
712 1586 862 1635 factus,
889 1601 958 1628 eas
978 1586 1090 1640 ipsas
1110 1587 1269 1628 litteras
1290 1587 1345 1627 ad
1360 1585 1410 1626 C.
1428 1584 1557 1626 Clau-

201 1648 386 1689 dium—
405 1663 503 1689 nam
529 1649 632 1689 alter
658 1649 802 1690 00115111
826 1649 909 1689 iam
934 1649 977 1689 in
1004 1648 1241 1691 Sardiniam
1266 1648 1484 1690 traiecerat
1502 1673 1559 1677 —

1583 1536 1600 1564 [Ο

201 1710 448 1751 deferendas
483 1718 623 1751 censet
656 1718 697 1752 et
733 1711 860 1752 adicit.
897 1712 1131 1761 decretum,
1168 1712 1368 1765 quoniam
1398 1711 1558 1752 Histria
1583 1722 1600 1749 :3

201 1772 417 1827 provincia
449 1773 639 1814 confecta
670 1782 798 1822 esset,
830 1773 865 1813 si
895 1773 932 1814 ei
964 1774 1194 1822 videretur,
1221 1773 1452 1814 exercitum
1475 1781 1558 1813 tra-

202 1835 413 1876 ducer‘et
402 1851 446 1875 1n
469 1835 666 1890 Ligures.
728 1835 851 1876 simul
883 1850 934 1876 ex
964 1836 1111 1876 litteris
1142 1836 1344 1884 consulis,
1376 1850 1480 1888 quas
1506 1835 1556 1875 (10

201 1896 359 1936 rebus
349 1912 393 1936 111
416 1897 578 1937 Histria
609 1897 737 1951 gestis
763 1897 1003 1952 sciipserat‚
1034 1897 1077 1938 in
1107 1897 1284 1938 biduum
1310 1897 1556 1951 supplicatio

203 1958 381 1999 decreta.
419 1967 461 1999 01
486 1957 582 2013 [ab]
609 1959 738 2000 altero
764 1960 933 2000 consule
948 1960 1014 1999 Ti.
1030 1959 1315 2013 Sempronio'
1304 1976 1347 1999 m
1363 1959 1557 2000 Sardinia

202 2035 399 2076 prospere
424 2035 489 2061 res
514 2028 645 2075 gesta.
685 2035 782 2061 exer
786 2021 914 2061 citum
937 2021 981 2061 in
1005 2036 1153 2075 agrum
1177 2020 1408 2062 Sar-domm
1431 2021 1558 2061 Ilien-
1583 2033 1596 2059 .·

204 2083 312 2123 5111111
336 2082 519 2132 induxit3
546 2083 796 2123 Balarorum
821 2097 976 2137 magna
1001 2083 1158 2122 auxilia
1182 2083 1407 2123 Iliensibus
1433 2097 1559 2123 vene-

203 2152 316 2193 rant;
355 2159 451 2186 cum
482 2153 661 2198 utraque
691 2154 817 2199 gente
849 2145 978 2199 signis
1011 2144 1185 2185 conlatis
1217 2145 1416 2185 conflixit.
1475 2144 1559 2185 fusi

204 2207 425 2261 fugatique
455 2206 594 2248 hostes
621 2207 850 2260 castrisque
876 2207 1008 2255 exuti,
1041 2207 1261 2247 duodecim
1285 2207 1401 2247 milia
1425 2222 1560 2247 arma-

205 2277 342 2309 torum
367 2283 501 2310 caesa.
561 2276 727 2323 postero
760 2269 826 2310 die
859 2284 975 2309 arma
1004 2269 1113 2310 lecta
1138 2269 1270 2310 conici
1295 2269 1338 2310 in
1363 2283 1558 2310 acervum
1585 2281 1601 2306 :·

205 2331 325 2371 iussit
350 2332 494 2372 consul
520 2346 768 2384 sacrumque
798 2331 842 2371 id
867 2332 1060 2373 Vulcano
1086 2332 1298 2373 cremavit.
1357 2332 1559 2373 victorem

207 2393 436 2434 exercitum
470 2393 513 2433 in
550 2393 724 2433 hiberna
760 2394 965 2434 sociarum
1002 2393 1170 2434 urbium
1200 2394 1379 2435 reduxit.
1440 2402 1481 2435 et
1507 2392 1556 2434 C.
1585 2406 1600 2433 ῖ

209 2454 413 2496 Claudius
445 2455 591 2496 litteris
616 2455 681 2495 Ti.
710 2453 863 2496 Claudi
896 2463 936 2497 et
967 2464 1135 2497 senatus
1167 2457 1356 2498 consulto
1387 2464 1559 2511 accepto

208 2534 260 2559 cx
293 2517 454 2558 Histria
482 2517 669 2572 legiones
699 2517 742 2558 in
767 2517 949 2572 Ligures
980 2519 1226 2559 transduxit.
1286 2519 1340 2559 ad
1366 2518 1560 2560 Sculten-
1585 2532 1603 2559 e<

208 2597 305 2622 nam
329 2581 486 2621 flumen
510 2580 552 2621 in
578 2594 747 2635 campos
772 2581 983 2635 progressi
1008 2589 1144 2621 castra
1168 2581 1381 2622 habebant
1405 2581 1557 2622 hostes.

208 2643 265 2684 ibi
308 2658 403 2685 cum
439 2642 501 2683 his
539 2643 626 2684 acie
669 2642 923 2683 dimicatum.
993 2643 1233 2696 quindecim
1275 2643 1388 2684 milia
1426 2658 1559 2691 caesa,
