1804 2926
220 124 304 165 400

799 140 921 166 INDEX
945 140 1090 167 RERVM.

244 224 336 258 duce
350 224 405 267 32,
421 223 504 265 16,6
530 223 707 257 Peraeam
723 235 745 258 a
758 224 931 270 Philippo
959 225 1171 259 Rhoduntia
1184 225 1239 269 36,
1256 226 1310 269 16,
1326 226 1379 259 11.

244 269 431 302 vindicant
455 269 516 311 33,
545 269 587 301 18
634 269 751 302 multa
782 271 930 315 egregie
959 271 1109 304 Rhodus
1135 271 1255 305 insula
1274 271 1316 304 P.
1337 272 1380 305 69
1412 282 1434 305 a
1455 270 1670 306 Mithridate

245 314 321 348 ausi
336 325 381 347 110
395 313 569 346 Antiochi
583 313 729 357 quidem
750 314 847 349 bello
862 320 931 348 ter-

981 320 1198 361 oppugnata
1212 316 1252 350 P.
1269 316 1414 350 78—79.

243 363 370 393 rentur
381 359 436 400 33,
453 359 498 391 20
527 361 653 391 vetant
668 370 749 392 eum
764 360 931 394 Chelido-
958 360 1162 395 Rhoeteum
1176 362 1231 403 37,
1247 362 1279 405 9,
1290 362 1326 405 73
1340 361 1448 405 37,37
1473 360 1671 396 Iliensibus

243 404 323 437 nias
343 414 515 447 superare
534 403 583 436 ib.
597 403 618 435 2
655 403 858 438 Ptolemaei
878 416 932 438 so-

983 406 1108 439 ‹latnm
1124 408 1179 449 38,
1195 407 1249 448 39,
1266 408 1319 439 10.

244 449 319 482 cias
339 449 448 482 urbes
469 447 645 481 adiuvant
664 448 838 483 adversus
857 451 932 483 An-
959 451 1125 484 Rhotrini
1142 452 1261 485 fontes
1275 452 1329 494 38,
1347 452 1400 493 15,
1417 451 1470 485 12.

242 494 405 527 tiochum
431 493 479 526 ib.
505 494 546 527 11
584 493 627 526 iis
660 494 800 537 aliquot
825 495 933 529 urbes
959 496 1079 530 Risias
1110 497 1339 531 Pellenensis
1365 496 1481 530 filium
1507 495 1669 531 Memno-

245 540 402 573 donatae
417 539 472 579 33,
487 539 542 578 30,
559 539 601 571 11
629 539 765 573 auxilia
784 540 933 574 mittunt
981 553 1064 576 nem
1094 543 1326 587 damiurgum
1359 543 1406 576 ad
1438 553 1522 575 suas
1549 546 1672 586 partes

245 585 416 625 Quinctio
430 584 484 625 34,
500 584 554 626 26,
572 584 613 617 11
639 584 679 618 0.
694 584 799 618 Livio
813 585 931 628 36,45,

981 587 1086 620 minis
1103 588 1262 621 traducit
1282 587 1319 621 in
1334 587 1488 621 concilio
1502 587 1670 621 Achaeo-

243 631 265 663 5
301 630 431 663 iterum
451 630 505 671 37,
522 629 554 671 9,
569 630 590 662 5
627 640 750 663 eorum
776 642 888 664 naves
913 642 934 664 a
980 644 1058 665 rum
1072 633 1127 675 32,
1142 634 1197 675 22,
1213 634 1244 666 5.

243 674 475 719 Polyxenida
489 675 757 709 circumventae
771 675 826 717 37,
844 677 897 717 11,
913 676 933 708 9
958 676 1064 710 Ritus
1078 678 1245 712 Albanus
1257 679 1286 720 1,
1298 679 1328 719 7,
1338 679 1359 711 3
1385 677 1550 712 Graecus
1563 676 1650 710 ibid.
1663 689 1672 720 ς

243 731 368 753 eorum
388 719 506 753 luctus
521 723 558 752 et
577 721 631 753 ira
644 720 698 760 37,
716 721 769 762 12,
784 720 806 754 8
843 721 933 754 alias
980 722 1035 765 25,
1053 724 1106 764 12,
1124 724 1166 757 10
1196 724 1279 757 novi
1298 725 1389 757 ritus
1408 723 1546 757 Romae
1566 722 1621 765 25,
1640 723 1671 765 1,

242 776 355 799 naves
374 768 507 808 parant
524 764 572 798 ib.
587 765 607 798 9
622 765 669 799 cf.
683 765 738 808 37,
753 766 808 808 22,
823 766 845 799 2
869 778 932 800 na-
981 768 1000 801 7
1026 768 1070 802 de
1085 768 1128 801 iis
1143 768 1301 802 edictum
1315 768 1495 813 praetoris
1509 767 1556 801 ib.
1574 768 1628 801 12.

243 821 306 844 ves
330 810 480 843 mittunt
504 809 551 843 ib.
576 810 598 843 3
640 810 791 844 vincunt
815 811 932 845 classe
958 812 1116 858 Rogatio
1142 814 1248 847 unius
1268 814 1405 847 tribuni
1425 813 1570 847 nomine
1589 822 1672 857 pro-

243 855 494 889 Hannibalem
514 855 570 897 37,
590 855 636 888 24
672 867 795 890 eorum
821 868 931 891 naves

243 901 411 945 agilitate
420 905 456 935 et
465 904 542 934 arte
550 900 838 945 gubernatorum
848 902 931 935 insi-

242 957 333 991 gues
342 946 482 989 37,30,2
496 957 620 979 eorum
629 946 743 991 legati
757 947 794 980 in
803 951 931 981 senatu

242 991 394 1034 37,54,3
408 991 539 1035 quibus
559 991 685 1025 donati
699 992 771 1026 sint
788 993 931 1036 oppidis

241 1037 297 1079 37,
312 1037 367 1079 55,
383 1037 404 1070 5
418 1036 464 1070 cf.
479 1037 534 1078 37,
550 1037 604 1078 56,
620 1037 659 1080 53
673 1037 727 1079 38,
744 1038 931 1082 39,13pr0

241 1082 385 1115 Aetolis
399 1082 706 1126 deprecantur38,
716 1084 748 1126 9,
758 1084 797 1126 3,
811 1084 865 1126 38,
878 1084 929 1125 10,

242 1129 263 1161 2
292 1123 447 1160 Romam
466 1128 616 1161 mittunt
633 1128 689 1171 40,
709 1128 741 1171 2,
758 1130 778 1162 6
804 1129 850 1162 ad
870 1139 931 1162 eos

242 1172 386 1207 litterae
400 1176 550 1206 senatus
565 1173 674 1207 datae
690 1173 734 1207 de
759 1174 930 1218 querellis

241 1217 441 1263 Lyciorum
465 1219 520 1260 41,
537 1219 568 1261 6,
585 1219 645 1261 113
664 1219 719 1261 41,
734 1218 789 1261 20,
808 1221 825 1253 7
857 1219 929 1264 Ly-

241 1263 316 1297 cios
336 1267 470 1297 vexant
488 1264 545 1305 41,
567 1264 623 1305 25,
638 1265 660 1298 8
696 1264 839 1310 legatos
858 1264 929 1298 Ro-

241 1320 337 1342 mam
351 1309 500 1342 mittunt
512 1309 568 1351 42,
584 1309 638 1350 14,
654 1309 674 1342 2
699 1309 825 1344 Ρο1·501
845 1321 929 1344 0011-

241 1355 331 1387 siliis
345 1354 475 1387 imbuti
487 1355 543 1397 42,
559 1354 614 1396 26,
629 1355 650 1389 8
665 1355 706 1388 P.
725 1355 930 1389 Romanam

241 1399 454 1433 societatem
480 1403 628 1433 sumunt
649 1400 705 1442 42,
720 1401 776 1439 45,
791 1401 813 1434 4
844 1401 929 1435 Per-

241 1445 293 1478 sei
318 1445 503 1489 legatione
528 1445 618 1477 nihil
644 1445 732 1478 moti
757 1446 812 1487 42,
833 1446 889 1487 46,
910 1448 931 1479 5

240 1500 352 1523 naves
367 1490 501 1523 auxilio
523 1489 673 1523 mittunt
684 1490 860 1524 Romanis
874 1492 929 1529 42,

239 1535 294 1577 56,
316 1535 337 1568 5
374 1533 484 1568 finem
512 1534 599 1568 belli
619 1535 847 1569 Macedonici
873 1547 929 1569 su-

239 1580 352 1624 perbe
378 1579 567 1623 postulant
591 1580 628 1612 in
654 1585 784 1614 senatu
802 1581 858 1624 44,
875 1581 928 1624 14,

238 1626 261 1658 8
274 1625 315 1658 P.
344 1625 430 1669 quid
445 1625 488 1658 iis
502 1636 717 1669 responsum
731 1626 778 1658 sit
796 1626 852 1669 44,
869 1628 930 1668 15,

238 1671 293 1713 45,
321 1670 353 1713 3,
379 1671 400 1703 3
437 1670 485 1703 ad
510 1681 571 1704 eos
595 1670 754 1704 Perseus
786 1670 930 1716 legatos

239 1716 352 1748 mittit
363 1716 419 1758 44,
434 1716 489 1755 23,
505 1715 525 1748 9
539 1715 585 1749 cf.
600 1716 655 1757 44,
671 1717 725 1755 28,
736 1716 757 1749 3
782 1717 815 1750 01
833 1717 929 1750 beni-

238 1772 311 1805 gne
326 1761 552 1805 respondent
565 1761 620 1803 44,
636 1761 691 1803 29,
709 1761 727 1794 7
752 1761 789 1794 in
811 1766 931 1795 castra

238 1805 395 1850 profecti
428 1817 450 1839 a
475 1807 623 1839 consule
654 1806 779 1850 iniquo
810 1807 930 1840 animo

239 1851 356 1885 auditi
368 1851 424 1892 44,
434 1851 489 1892 35,
504 1851 525 1883 4
539 1862 561 1884 a
575 1851 614 1885 C.
625 1851 782 1895 Popillio
798 1853 930 1886 acerbe

238 1896 475 1940 increpantur
488 1896 543 1938 45,
560 1897 613 1938 10,
629 1897 651 1930 8
675 1897 863 1931 decretum
876 1898 929 1931 fa—

237 1941 339 1975 ciunt
351 1941 396 1975 de
417 1941 628 1974 auctoribus
649 1942 835 1976 societatis
849 1953 928 1976 cum

237 1987 373 2020 Perseo
388 1986 598 2031 iungendae
614 1987 662 2020 ib.
678 1988 721 2020 14
746 1987 782 2020 in
796 1988 929 2032 legatis

238 2043 362 2066 eorum
387 2032 529 2065 nullum
554 2032 737 2076 hospitale
770 2033 824 2066 ius
856 2045 928 2067 ser-

237 2078 395 2111 vandum
420 2083 544 2121 patres
569 2082 722 2111 censent
745 2079 800 2120 45,
827 2078 882 2117 20,
909 2079 929 2112 6

238 2123 283 2157 (10
305 2123 400 2156 bello
421 2122 464 2155 iis
490 2123 684 2157 indicendo
704 2124 848 2168 rogatio
869 2124 927 2157 Μ’.

237 2167 393 2202 Iuventii
419 2167 588 2202 Thalnae
609 2169 664 2207 45,
686 2169 742 2204 21,
759 2170 780 2201 2
816 2170 928 2203 verba

237 2215 380 2247 faciunt
405 2212 441 2246 in
468 2218 598 2247 senatu
622 2214 683 2255 45,
709 2214 753 2246 22
781 2214 821 2247 P.
862 2226 928 2248 nec

237 2264 424 2303 tamquam
438 2259 562 2293 hostes
581 2269 649 2293 nec
672 2265 857 2304 tamquam
873 2271 927 2293 so-

238 2304 282 2337 cii
310 2303 448 2337 dimissi
473 2305 529 2347 45,
551 2305 606 2347 25,
627 2305 649 2337 4
669 2305 711 2338 Ρ.
749 2305 868 2349 Lycia
893 2310 929 2338 et

238 2349 348 2383 Caria
362 2350 492 2383 cedere
507 2349 678 2383 iubentur
692 2350 727 2383 ib
750 2352 769 2383 6
785 2350 926 2384 Theae-

237 2398 352 2428 tetum
367 2395 520 2428 Romam
535 2395 684 2428 mittunt
698 2406 779 2428 cum
794 2406 927 2429 corona

238 2440 362 2485 magni
378 2441 486 2483 pretii
501 2440 547 2473 ad
562 2441 759 2484 petendam
775 2441 926 2474 societa-

237 2488 311 2518 tem
336 2485 384 2518 ib.
400 2486 418 2519 7
456 2485 617 2519 Caunios
642 2490 679 2519 et
698 2485 927 2530 Mylasenses

237 2530 386 2563 vincunt
399 2530 446 2563 ib.
458 2531 501 2564 13
526 2542 606 2564 011111
621 2530 664 2563 115
679 2533 835 2565 societas
850 2531 925 2564 iun-

237 2578 298 2652 ga
322 2575 363 2608 P.
389 2576 433 2609 46
469 2576 719 2610 Mithridatem
743 2576 927 2621 repellunt

273 2646 280 2652 .
297 2620 350 2653 78.

980 858 1230 904 mulgatur43,
1242 860 1295 901 16,
1308 860 1325 892 7
1341 871 1361 892 a
1369 869 1499 893 novem
1513 857 1670 891 tribunis

979 903 1085 945 4,1,2
1115 903 1280 937 Licinias
1298 903 1439 938 Sextias
1459 902 1672 947 rogationes

980 949 1128 982 recitari
1166 948 1277 982 ceteri
1313 949 1450 982 tribuni
1481 951 1608 982 vetant
1638 948 1670 991 6,

979 994 1034 1036 35,
1047 994 1065 1027 7
1087 993 1204 1027 Atilia
1213 993 1353 1027 Marcia
1367 994 1411 1028 de
1426 993 1581 1027 tribunis
1595 992 1669 1026 mil.

978 1039 1105 1082 populi
1132 1039 1307 1084 suffragio
1334 1039 1501 1073 creandis
1526 1038 1558 1081 9,
1580 1038 1636 1080 30,
1651 1038 1673 1071 3

980 1083 1159 1118 Canuleia
1173 1084 1217 1118 de
1226 1084 1382 1118 conubio
1391 1088 1537 1128 patrum
1546 1087 1582 1118 et
1595 1083 1671 1128 ple-

978 1128 1075 1171 bis4,
1086 1130 1104 1162 1
1130 1129 1248 1163 Decia
1262 1130 1306 1164 de
1321 1129 1519 1163 duumviris
1531 1128 1671 1163 navali-

979 1174 1047 1207 bus
1061 1174 1156 1218 9,30,
1166 1175 1188 1208 4
1212 1174 1341 1208 Duilia
1351 1175 1524 1209 Menenia
1537 1174 1581 1209 de
1594 1173 1671 1208 fae-

978 1230 1067 1254 nore
1077 1220 1240 1254 unciario
1250 1221 1328 1263 7,16
1338 1220 1468 1254 Flavia
1477 1220 1521 1254 de
1531 1219 1671 1260 Tuscu-

979 1265 1072 1299 lanis
1085 1266 1117 1309 8,
1127 1266 1181 1308 37,
1191 1266 1212 1299 8
1237 1265 1404 1300 Liciniae
1415 1265 1560 1300 Sextiae
1575 1265 1605 1307 6,
1615 1264 1670 1307 35,

979 1312 1000 1344 8
1025 1310 1349 1345 MaeciliaMetilia
1362 1311 1406 1345 de
1422 1321 1511 1356 agro
1525 1309 1670 1354 captivo

979 1356 1112 1390 viritim
1139 1356 1335 1390 dividendo
1357 1357 1390 1398 4,
1405 1357 1460 1398 48,
1475 1356 1496 1389 2
1533 1355 1672 1389 Maelia

980 1401 1024 1435 de
1040 1401 1274 1445 publicandis
1291 1401 1433 1436 Servilii
1448 1401 1553 1435 bonis
1566 1401 1598 1442 4,
1613 1400 1669 1438 21,

979 1447 1000 1480 3
1036 1447 1176 1480 Marcia
1201 1447 1245 1481 de
1271 1446 1472 1492 Liguribus
1496 1446 1552 1488 42,
1572 1446 1628 1485 21,
1649 1447 1672 1478 4

981 1490 1143 1535 Ogulnia
1158 1491 1202 1525 de
1217 1492 1431 1526 sacerdotiis
1447 1492 1500 1534 10,
1516 1491 1578 1534 6,6
1597 1490 1669 1524 Pa-

979 1537 1073 1580 piria
1087 1540 1127 1569 ut
1141 1537 1298 1570 eundem
1317 1537 1448 1571 iterum
1463 1547 1588 1570 creare
1608 1536 1669 1569 tri-

979 1582 1116 1615 bunum
1130 1581 1359 1616 liceretP.59
1385 1581 1535 1616 Petillia
1548 1581 1592 1615 de
1607 1592 1669 1625 pe-

980 1626 1089 1660 cunia
1113 1627 1286 1660 Antiochi
1306 1628 1360 1669 38,
1376 1627 1431 1669 54,
1447 1628 1468 1660 3
1505 1626 1671 1660 Publilia

980 1672 1024 1705 de
1056 1671 1197 1715 plebeis
1222 1672 1499 1717 magistratibus
1524 1671 1670 1705 tributis

979 1717 1135 1750 comitiis
1149 1716 1329 1751 faciendis
1337 1718 1368 1759 2,
1379 1717 1463 1759 56,2
1479 1716 1671 1751 Scribonia

980 1763 1024 1795 de
1050 1762 1239 1795 Lusitanis
1264 1762 1306 1796 P.
1331 1763 1375 1796 49
1412 1762 1600 1796 Trebonia
1625 1763 1670 1797 de

978 1807 1134 1840 tribunis
1153 1807 1201 1851 pl.
1218 1808 1343 1841 decem
1359 1808 1531 1841 continuo
1545 1818 1670 1841 crean-

980 1853 1035 1886 dis
1060 1853 1092 1893 3,
1113 1853 1168 1895 65,
1189 1853 1212 1886 4
1246 1853 1389 1897 rogatio
1417 1853 1461 1887 de
1488 1853 1670 1886 communi

979 1898 1171 1931 consulatu
1184 1898 1216 1941 4,
1234 1899 1265 1939 1,
1281 1900 1301 1931 2
1327 1898 1371 1932 dc
1386 1898 1599 1933 decemviris
1615 1909 1669 1932 sa-

980 1954 1121 1977 crorum
1136 1943 1305 1977 creandis
1321 1944 1352 1986 6,
1368 1944 1423 1985 37,
1440 1944 1482 1977 12
1497 1943 1542 1977 cf.
1557 1943 1647 1978 Lex,

956 1988 1073 2022 Roma
1089 1989 1237 2022 condita
1251 2000 1270 2022 a
1285 1988 1441 2022 Romulo
1456 1993 1493 2023 et
1506 1989 1670 2022 condito-

978 2034 1025 2067 ris
1045 2034 1190 2067 nomine
1212 2034 1402 2078 appellata
1416 2035 1446 2077 1,
1463 2034 1493 2077 7,
1508 2035 1530 2068 3
1543 2033 1585 2067 Ρ.
1611 2045 1670 2068 ca-

978 2083 1045 2123 put
1058 2079 1155 2112 orbis
1168 2083 1346 2113 terrarum
1356 2090 1434 2113 esse
1448 2079 1575 2112 volunt
1588 2090 1669 2113 cae-

978 2125 1088 2159 lestes
1104 2125 1133 2167 1,
1150 2125 1204 2167 16,
1222 2125 1241 2158 7
1273 2124 1404 2158 crescit
1416 2124 1536 2159 Albae
1555 2124 1670 2158 ruinis

979 2171 1009 2211 1,
1025 2170 1069 2203 30
1093 2180 1195 2203 muro
1211 2169 1355 2214 lapideo
1371 2169 1530 2214 cingitur
1544 2169 1638 2213 1,38,
1649 2170 1670 2203 6

979 2214 1243 2258 quadrifariam
1269 2215 1385 2248 divisa
1404 2215 1615 2266 regionibus
1636 2216 1667 2257 1,

976 2261 1038 2303 43,
1067 2261 1109 2293 13
1146 2271 1283 2305 aggere
1309 2263 1347 2294 et
1371 2259 1480 2293 105515
1506 2264 1543 2294 et
1566 2271 1668 2293 muro

977 2305 1234 2347 circumdatur,
1260 2305 1462 2349 pomerium
1486 2305 1669 2349 prolatum

977 2352 1008 2393 1,
1023 2351 1078 2389 44,
1095 2352 1116 2384 3
1142 2351 1330 2384 obsidetur
1350 2362 1370 2384 a
1384 2350 1540 2384 Porsina
1559 2350 1591 2393 2,
1614 2351 1667 2393 11,

978 2396 1051 2429 11).
1086 2399 1196 2440 capta
1216 2408 1237 2429 a
1258 2395 1377 2430 Gallis
1402 2395 1609 2430 incenditur
1633 2399 1670 2430 et

977 2441 1144 2485 diripitur
1157 2442 1189 2484 5,
1204 2441 1339 2474 41-42
1353 2440 1394 2474 Ρ.
1423 2441 1499 2475 01115
1523 2441 1611 2474 situs
1632 2444 1669 2474 et

977 2487 1104 2520 laudes
1120 2487 1151 2529 5,
1165 2487 1220 2529 54,
1236 2487 1258 2519 4
1295 2486 1391 2519 intra
1419 2497 1554 2519 annum
1573 2496 1668 2519 nova

976 2536 1049 2566 stat
1069 2533 1101 2574 6,
1122 2532 1154 2572 4,
1171 2533 1190 2565 6
1228 2531 1396 2565 incendio
1421 2536 1587 2565 vastatur
1610 2531 1666 2572 24,

975 2578 1106 2619 47,15;
1133 2577 1187 2619 26,
1202 2577 1264 2620 27,
1289 2577 1342 2615 35,
1358 2576 1467 2619 40,8;
1487 2576 1527 2610 F.
1542 2577 1586 2610 30
1615 2574 1666 2608 ibi

976 2622 1101 2656 audito
1110 2622 1331 2656 Hannibalis
1341 2621 1498 2655 adventu
1512 2630 1665 2665 magnus
