<?xml version="1.0" encoding="UTF-8"?>
<!DOCTYPE html PUBLIC "-//W3C//DTD XHTML 1.0 Transitional//EN"
    "http://www.w3.org/TR/xhtml1/DTD/xhtml1-transitional.dtd">
<html xmlns="http://www.w3.org/1999/xhtml" xml:lang="en" lang="en">
 <head>
  <title>
</title>
<meta http-equiv="Content-Type" content="text/html;charset=utf-8" />
  <meta name='ocr-system' content='tesseract 3.04.00' />
  <meta name='ocr-capabilities' content='ocr_page ocr_carea ocr_par ocr_line ocrx_word'/>
</head>
<body>
  <div class='ocr_page' id='page_1' title='image "./aburbeconditalib04livyuoft_0287.png"; bbox 0 0 1804 2926; ppageno 0'>
   <div class='ocr_carea' id='block_1_1' title="bbox 277 196 1461 250">
    <p class='ocr_par' dir='ltr' id='par_1_1' title="bbox 277 196 1461 250">
     <span class='ocr_line' id='line_1_1' title="bbox 277 196 1461 250; baseline -0.012 0"><span class='ocrx_word' id='word_1_1' title='bbox 277 212 566 250; x_wconf 86' lang='lat' dir='ltr'>PERIOCHAE</span> <span class='ocrx_word' id='word_1_2' title='bbox 591 209 856 246; x_wconf 84' lang='lat' dir='ltr'>LIBRORUM</span> <span class='ocrx_word' id='word_1_3' title='bbox 880 207 1283 244; x_wconf 80' lang='lat' dir='ltr'>LXVII—LXVIIII.</span> <span class='ocrx_word' id='word_1_4' title='bbox 1381 196 1461 237; x_wconf 76' lang='grc'><strong>207</strong></span> 
     </span>
    </p>
   </div>
   <div class='ocr_carea' id='block_1_2' title="bbox 109 299 1470 2737">
    <p class='ocr_par' dir='ltr' id='par_1_2' title="bbox 109 299 1470 2737">
     <span class='ocr_line' id='line_1_2' title="bbox 113 299 1464 352; baseline -0.009 -10"><span class='ocrx_word' id='word_1_5' title='bbox 113 310 242 352; x_wconf 90' lang='lat' dir='ltr'>captus</span> <span class='ocrx_word' id='word_1_6' title='bbox 262 309 334 349; x_wconf 70' lang='lat' dir='ltr'>est,</span> <span class='ocrx_word' id='word_1_7' title='bbox 360 308 397 340; x_wconf 91' lang='lat' dir='ltr'>et</span> <span class='ocrx_word' id='word_1_8' title='bbox 415 315 497 338; x_wconf 90' lang='lat' dir='ltr'>cum</span> <span class='ocrx_word' id='word_1_9' title='bbox 516 303 554 337; x_wconf 91' lang='lat' dir='ltr'>in</span> <span class='ocrx_word' id='word_1_10' title='bbox 567 300 759 336; x_wconf 87' lang='lat' dir='ltr'>consilium</span> <span class='ocrx_word' id='word_1_11' title='bbox 773 300 820 335; x_wconf 90' lang='lat' dir='ltr'>ab</span> <span class='ocrx_word' id='word_1_12' title='bbox 834 299 877 333; x_wconf 91' lang='lat' dir='ltr'>iis</span> <span class='ocrx_word' id='word_1_13' title='bbox 892 299 1091 333; x_wconf 86' lang='lat' dir='ltr'>advocatus</span> <span class='ocrx_word' id='word_1_14' title='bbox 1105 299 1305 333; x_wconf 77' lang='lat' dir='ltr'>deterreret</span> <span class='ocrx_word' id='word_1_15' title='bbox 1319 308 1398 340; x_wconf 84' lang='grc'><strong>005,</strong></span> <span class='ocrx_word' id='word_1_16' title='bbox 1418 307 1464 331; x_wconf 86' lang='grc'>110</span> 
     </span>
     <span class='ocr_line' id='line_1_3' title="bbox 110 341 1465 397; baseline -0.009 -10"><span class='ocrx_word' id='word_1_17' title='bbox 110 353 227 397; x_wconf 88' lang='lat' dir='ltr'><strong>Alpes</strong></span> <span class='ocrx_word' id='word_1_18' title='bbox 250 350 449 385; x_wconf 79' lang='lat' dir='ltr'><strong>transirent</strong></span> <span class='ocrx_word' id='word_1_19' title='bbox 472 347 620 382; x_wconf 87' lang='lat' dir='ltr'>Italiam</span> <span class='ocrx_word' id='word_1_20' title='bbox 638 346 805 391; x_wconf 89' lang='lat' dir='ltr'>petituri,</span> <span class='ocrx_word' id='word_1_21' title='bbox 826 355 869 380; x_wconf 91' lang='lat' dir='ltr'>eo</span> <span class='ocrx_word' id='word_1_22' title='bbox 890 344 987 389; x_wconf 86' lang='lat' dir='ltr'>quod</span> <span class='ocrx_word' id='word_1_23' title='bbox 1008 344 1145 378; x_wconf 90' lang='lat' dir='ltr'>diceret</span> <span class='ocrx_word' id='word_1_24' title='bbox 1164 344 1351 377; x_wconf 83' lang='lat' dir='ltr'>Romanos</span> <span class='ocrx_word' id='word_1_25' title='bbox 1368 341 1465 376; x_wconf 89' lang='lat' dir='ltr'>vinci</span> 
     </span>
     <span class='ocr_line' id='line_1_4' title="bbox 111 387 1465 441; baseline -0.009 -9"><span class='ocrx_word' id='word_1_26' title='bbox 111 408 184 431; x_wconf 88' lang='lat' dir='ltr'>non</span> <span class='ocrx_word' id='word_1_27' title='bbox 204 407 328 441; x_wconf 89' lang='lat' dir='ltr'>posse,</span> <span class='ocrx_word' id='word_1_28' title='bbox 350 393 556 438; x_wconf 88' lang='lat' dir='ltr'>aBoiorige</span> <span class='ocrx_word' id='word_1_29' title='bbox 574 391 688 426; x_wconf 82' lang='lat' dir='ltr'>feroci</span> <span class='ocrx_word' id='word_1_30' title='bbox 706 391 835 425; x_wconf 89' lang='lat' dir='ltr'>iuvene</span> <span class='ocrx_word' id='word_1_31' title='bbox 849 389 990 424; x_wconf 87' lang='lat' dir='ltr'>occisus</span> <span class='ocrx_word' id='word_1_32' title='bbox 1004 394 1070 424; x_wconf 89' lang='lat' dir='ltr'>est.</span> <span class='ocrx_word' id='word_1_33' title='bbox 1107 389 1153 423; x_wconf 89' lang='lat' dir='ltr'>ab</span> <span class='ocrx_word' id='word_1_34' title='bbox 1166 388 1284 423; x_wconf 83' lang='lat' dir='ltr'>isdem</span> <span class='ocrx_word' id='word_1_35' title='bbox 1297 387 1465 422; x_wconf 84' lang='lat' dir='ltr'>hostibus</span> 
     </span>
     <span class='ocr_line' id='line_1_5' title="bbox 112 433 1465 479; baseline -0.008 -3"><span class='ocrx_word' id='word_1_36' title='bbox 112 443 176 476; x_wconf 92' lang='lat' dir='ltr'>Cn.</span> <span class='ocrx_word' id='word_1_37' title='bbox 197 441 357 475; x_wconf 88' lang='lat' dir='ltr'>Manlius</span> <span class='ocrx_word' id='word_1_38' title='bbox 383 438 508 473; x_wconf 89' lang='lat' dir='ltr'>consul</span> <span class='ocrx_word' id='word_1_39' title='bbox 534 440 571 472; x_wconf 88' lang='lat' dir='ltr'>et</span> <span class='ocrx_word' id='word_1_40' title='bbox 590 435 632 476; x_wconf 82' lang='lat' dir='ltr'>Q.</span> <span class='ocrx_word' id='word_1_41' title='bbox 655 436 829 471; x_wconf 85' lang='lat' dir='ltr'>Servilius</span> <span class='ocrx_word' id='word_1_42' title='bbox 849 433 987 479; x_wconf 79' lang='lat' dir='ltr'>Caepio</span> <span class='ocrx_word' id='word_1_43' title='bbox 1007 435 1203 479; x_wconf 88' lang='lat' dir='ltr'>proconsul</span> <span class='ocrx_word' id='word_1_44' title='bbox 1220 434 1307 467; x_wconf 87' lang='lat' dir='ltr'>victi</span> <span class='ocrx_word' id='word_1_45' title='bbox 1325 433 1465 477; x_wconf 91' lang='lat' dir='ltr'>proelio</span> 
     </span>
     <span class='ocr_line' id='line_1_6' title="bbox 112 477 1464 530; baseline -0.008 -8"><span class='ocrx_word' id='word_1_46' title='bbox 112 488 241 521; x_wconf 83' lang='lat' dir='ltr'>castris</span> <span class='ocrx_word' id='word_1_47' title='bbox 255 495 398 530; x_wconf 89' lang='lat' dir='ltr'>quoque</span> <span class='ocrx_word' id='word_1_48' title='bbox 411 482 507 517; x_wconf 89' lang='lat' dir='ltr'>binis</span> <span class='ocrx_word' id='word_1_49' title='bbox 520 483 618 517; x_wconf 78' lang='lat' dir='ltr'>exuti</span> <span class='ocrx_word' id='word_1_50' title='bbox 632 485 726 525; x_wconf 88' lang='lat' dir='ltr'>sunt,</span> <span class='ocrx_word' id='word_1_51' title='bbox 740 480 897 514; x_wconf 89' lang='lat' dir='ltr'>militum</span> <span class='ocrx_word' id='word_1_52' title='bbox 910 480 1011 513; x_wconf 88' lang='lat' dir='ltr'>milia</span> <span class='ocrx_word' id='word_1_53' title='bbox 1025 480 1214 525; x_wconf 84' lang='lat' dir='ltr'>octoginta</span> <span class='ocrx_word' id='word_1_54' title='bbox 1227 479 1358 521; x_wconf 85' lang='lat' dir='ltr'>occisa,</span> <span class='ocrx_word' id='word_1_55' title='bbox 1369 477 1464 512; x_wconf 88' lang='lat' dir='ltr'>calo-</span> 
     </span>
     <span class='ocr_line' id='line_1_7' title="bbox 111 523 1464 572; baseline -0.007 -7"><span class='ocrx_word' id='word_1_56' title='bbox 111 544 198 565; x_wconf 92' lang='lat' dir='ltr'>num</span> <span class='ocrx_word' id='word_1_57' title='bbox 223 534 260 566; x_wconf 88' lang='lat' dir='ltr'>et</span> <span class='ocrx_word' id='word_1_58' title='bbox 283 530 437 564; x_wconf 78' lang='lat' dir='ltr'>lixarum</span> <span class='ocrx_word' id='word_1_59' title='bbox 456 526 720 572; x_wconf 85' lang='lat' dir='ltr'>quadraginta,</span> <span class='ocrx_word' id='word_1_60' title='bbox 747 526 945 560; x_wconf 86' lang='lat' dir='ltr'>secundum</span> <span class='ocrx_word' id='word_1_61' title='bbox 962 524 1218 558; x_wconf 87' lang='lat' dir='ltr'>Arausionem.</span> <span class='ocrx_word' id='word_1_62' title='bbox 1255 523 1464 567; x_wconf 82' lang='lat' dir='ltr'>Caepionis,</span> 
     </span>
     <span class='ocr_line' id='line_1_8' title="bbox 112 569 1464 616; baseline -0.007 -5"><span class='ocrx_word' id='word_1_63' title='bbox 112 577 213 611; x_wconf 87' lang='lat' dir='ltr'>cuius</span> <span class='ocrx_word' id='word_1_64' title='bbox 233 575 437 610; x_wconf 82' lang='lat' dir='ltr'>temeritate</span> <span class='ocrx_word' id='word_1_65' title='bbox 457 572 582 607; x_wconf 86' lang='lat' dir='ltr'>clades</span> <span class='ocrx_word' id='word_1_66' title='bbox 601 575 755 616; x_wconf 87' lang='lat' dir='ltr'>accepta</span> <span class='ocrx_word' id='word_1_67' title='bbox 768 575 858 614; x_wconf 86' lang='lat' dir='ltr'>erat,</span> <span class='ocrx_word' id='word_1_68' title='bbox 879 571 1041 604; x_wconf 87' lang='lat' dir='ltr'>damnati</span> <span class='ocrx_word' id='word_1_69' title='bbox 1054 571 1152 604; x_wconf 88' lang='lat' dir='ltr'>bona</span> <span class='ocrx_word' id='word_1_70' title='bbox 1165 569 1356 614; x_wconf 89' lang='lat' dir='ltr'>publicata</span> <span class='ocrx_word' id='word_1_71' title='bbox 1369 571 1464 609; x_wconf 86' lang='lat' dir='ltr'>sunt,</span> 
     </span>
     <span class='ocr_line' id='line_1_9' title="bbox 111 613 1466 666; baseline -0.006 -13"><span class='ocrx_word' id='word_1_72' title='bbox 111 619 220 663; x_wconf 90' lang='lat' dir='ltr'>primi</span> <span class='ocrx_word' id='word_1_73' title='bbox 247 623 330 666; x_wconf 88' lang='lat' dir='ltr'>post</span> <span class='ocrx_word' id='word_1_74' title='bbox 358 629 485 664; x_wconf 85' lang='lat' dir='ltr'>regem</span> <span class='ocrx_word' id='word_1_75' title='bbox 510 617 770 661; x_wconf 84' lang='lat' dir='ltr'>Tarquinium,</span> <span class='ocrx_word' id='word_1_76' title='bbox 801 616 1065 660; x_wconf 84' lang='lat' dir='ltr'>imperiumque</span> <span class='ocrx_word' id='word_1_77' title='bbox 1092 615 1125 650; x_wconf 90' lang='lat' dir='ltr'>ei</span> <span class='ocrx_word' id='word_1_78' title='bbox 1150 616 1380 659; x_wconf 86' lang='lat' dir='ltr'>abrogatum.</span> <span class='ocrx_word' id='word_1_79' title='bbox 1428 613 1466 645; x_wconf 91' lang='grc'>111</span> 
     </span>
     <span class='ocr_line' id='line_1_10' title="bbox 110 657 1467 710; baseline -0.005 -12"><span class='ocrx_word' id='word_1_80' title='bbox 110 665 293 710; x_wconf 82' lang='lat' dir='ltr'>triumpho</span> <span class='ocrx_word' id='word_1_81' title='bbox 314 664 354 699; x_wconf 91' lang='lat' dir='ltr'>C.</span> <span class='ocrx_word' id='word_1_82' title='bbox 373 663 467 697; x_wconf 89' lang='lat' dir='ltr'>Mari</span> <span class='ocrx_word' id='word_1_83' title='bbox 491 662 623 696; x_wconf 84' lang='lat' dir='ltr'>ductus</span> <span class='ocrx_word' id='word_1_84' title='bbox 647 666 732 696; x_wconf 86' lang='lat' dir='ltr'>ante</span> <span class='ocrx_word' id='word_1_85' title='bbox 757 673 901 695; x_wconf 89' lang='lat' dir='ltr'>currum</span> <span class='ocrx_word' id='word_1_86' title='bbox 927 661 1004 695; x_wconf 90' lang='lat' dir='ltr'>eius</span> <span class='ocrx_word' id='word_1_87' title='bbox 1023 660 1204 706; x_wconf 80' lang='lat' dir='ltr'>Iugurtha</span> <span class='ocrx_word' id='word_1_88' title='bbox 1222 670 1304 693; x_wconf 92' lang='grc'><strong>011111</strong></span> <span class='ocrx_word' id='word_1_89' title='bbox 1324 657 1467 692; x_wconf 86' lang='lat' dir='ltr'>duobus</span> 
     </span>
     <span class='ocr_line' id='line_1_11' title="bbox 112 705 1465 750; baseline -0.007 -4"><span class='ocrx_word' id='word_1_90' title='bbox 112 711 198 746; x_wconf 89' lang='lat' dir='ltr'>filiis</span> <span class='ocrx_word' id='word_1_91' title='bbox 218 714 254 746; x_wconf 90' lang='lat' dir='ltr'>et</span> <span class='ocrx_word' id='word_1_92' title='bbox 273 710 311 743; x_wconf 91' lang='lat' dir='ltr'>in</span> <span class='ocrx_word' id='word_1_93' title='bbox 325 719 473 743; x_wconf 88' lang='lat' dir='ltr'>carcere</span> <span class='ocrx_word' id='word_1_94' title='bbox 486 711 638 742; x_wconf 87' lang='lat' dir='ltr'>necatus</span> <span class='ocrx_word' id='word_1_95' title='bbox 653 710 719 742; x_wconf 88' lang='lat' dir='ltr'>est.</span> <span class='ocrx_word' id='word_1_96' title='bbox 758 706 896 740; x_wconf 88' lang='lat' dir='ltr'>Marius</span> <span class='ocrx_word' id='word_1_97' title='bbox 908 706 1122 750; x_wconf 89' lang='lat' dir='ltr'>triumphali</span> <span class='ocrx_word' id='word_1_98' title='bbox 1134 708 1234 740; x_wconf 89' lang='lat' dir='ltr'>veste</span> <span class='ocrx_word' id='word_1_99' title='bbox 1249 705 1285 738; x_wconf 89' lang='lat' dir='ltr'>in</span> <span class='ocrx_word' id='word_1_100' title='bbox 1300 707 1465 738; x_wconf 89' lang='lat' dir='ltr'>senatum</span> 
     </span>
     <span class='ocr_line' id='line_1_12' title="bbox 110 747 1466 800; baseline -0.007 -10"><span class='ocrx_word' id='word_1_101' title='bbox 110 756 226 799; x_wconf 88' lang='lat' dir='ltr'>venit,</span> <span class='ocrx_word' id='word_1_102' title='bbox 248 755 345 800; x_wconf 82' lang='lat' dir='ltr'>quod</span> <span class='ocrx_word' id='word_1_103' title='bbox 363 764 469 788; x_wconf 91' lang='lat' dir='ltr'>nemo</span> <span class='ocrx_word' id='word_1_104' title='bbox 491 756 575 787; x_wconf 88' lang='lat' dir='ltr'>ante</span> <span class='ocrx_word' id='word_1_105' title='bbox 590 763 672 787; x_wconf 89' lang='lat' dir='ltr'>eum</span> <span class='ocrx_word' id='word_1_106' title='bbox 684 752 842 795; x_wconf 77' lang='lat' dir='ltr'>fecerat,</span> <span class='ocrx_word' id='word_1_107' title='bbox 864 752 969 796; x_wconf 88' lang='lat' dir='ltr'>eique</span> <span class='ocrx_word' id='word_1_108' title='bbox 983 755 1133 796; x_wconf 87' lang='lat' dir='ltr'>propter</span> <span class='ocrx_word' id='word_1_109' title='bbox 1145 754 1281 785; x_wconf 90' lang='lat' dir='ltr'>metum</span> <span class='ocrx_word' id='word_1_110' title='bbox 1295 747 1466 784; x_wconf 81' lang='lat' dir='ltr'>Cimbrici</span> 
     </span>
     <span class='ocr_line' id='line_1_13' title="bbox 110 794 1467 842; baseline -0.007 -7"><span class='ocrx_word' id='word_1_111' title='bbox 110 801 200 836; x_wconf 91' lang='lat' dir='ltr'>belli</span> <span class='ocrx_word' id='word_1_112' title='bbox 220 800 455 834; x_wconf 84' lang='lat' dir='ltr'>continuatus</span> <span class='ocrx_word' id='word_1_113' title='bbox 474 809 540 842; x_wconf 88' lang='lat' dir='ltr'>per</span> <span class='ocrx_word' id='word_1_114' title='bbox 560 798 754 842; x_wconf 83' lang='lat' dir='ltr'>conplures</span> <span class='ocrx_word' id='word_1_115' title='bbox 774 808 889 831; x_wconf 91' lang='lat' dir='ltr'>annos</span> <span class='ocrx_word' id='word_1_116' title='bbox 915 800 971 831; x_wconf 89' lang='lat' dir='ltr'>est</span> <span class='ocrx_word' id='word_1_117' title='bbox 989 796 1212 830; x_wconf 84' lang='lat' dir='ltr'>consulatus.</span> <span class='ocrx_word' id='word_1_118' title='bbox 1250 794 1410 829; x_wconf 90' lang='lat' dir='ltr'>secundo</span> <span class='ocrx_word' id='word_1_119' title='bbox 1430 797 1467 827; x_wconf 89' lang='lat' dir='ltr'>et</span> 
     </span>
     <span class='ocr_line' id='line_1_14' title="bbox 109 840 1468 887; baseline -0.007 -7"><span class='ocrx_word' id='word_1_120' title='bbox 109 845 221 881; x_wconf 88' lang='lat' dir='ltr'>tertio</span> <span class='ocrx_word' id='word_1_121' title='bbox 248 845 381 879; x_wconf 80' lang='lat' dir='ltr'>absens</span> <span class='ocrx_word' id='word_1_122' title='bbox 405 843 532 878; x_wconf 87' lang='lat' dir='ltr'>consul</span> <span class='ocrx_word' id='word_1_123' title='bbox 556 846 719 887; x_wconf 82' lang='lat' dir='ltr'>creatus,</span> <span class='ocrx_word' id='word_1_124' title='bbox 746 846 915 886; x_wconf 88' lang='lat' dir='ltr'>quartum</span> <span class='ocrx_word' id='word_1_125' title='bbox 940 842 1169 876; x_wconf 84' lang='lat' dir='ltr'>consulatum</span> <span class='ocrx_word' id='word_1_126' title='bbox 1195 840 1468 874; x_wconf 87' lang='lat' dir='ltr'>dissimulanter</span> 
     </span>
     <span class='ocr_line' id='line_1_15' title="bbox 111 883 1467 935; baseline -0.007 -9"><span class='ocrx_word' id='word_1_127' title='bbox 111 895 266 935; x_wconf 89' lang='lat' dir='ltr'>captans</span> <span class='ocrx_word' id='word_1_128' title='bbox 291 892 507 924; x_wconf 90' lang='lat' dir='ltr'>consecutus</span> <span class='ocrx_word' id='word_1_129' title='bbox 532 892 599 922; x_wconf 89' lang='lat' dir='ltr'>est.</span> <span class='ocrx_word' id='word_1_130' title='bbox 647 887 713 922; x_wconf 91' lang='lat' dir='ltr'>Cn.</span> <span class='ocrx_word' id='word_1_131' title='bbox 740 887 926 922; x_wconf 89' lang='lat' dir='ltr'>Domitius</span> <span class='ocrx_word' id='word_1_132' title='bbox 949 886 1115 931; x_wconf 80' lang='lat' dir='ltr'>pontifex</span> <span class='ocrx_word' id='word_1_133' title='bbox 1138 886 1315 920; x_wconf 81' lang='lat' dir='ltr'>maximus</span> <span class='ocrx_word' id='word_1_134' title='bbox 1340 883 1467 928; x_wconf 91' lang='lat' dir='ltr'>populi</span> 
     </span>
     <span class='ocr_line' id='line_1_16' title="bbox 112 929 1466 981; baseline -0.006 -11"><span class='ocrx_word' id='word_1_135' title='bbox 112 935 286 981; x_wconf 84' lang='lat' dir='ltr'>suffragio</span> <span class='ocrx_word' id='word_1_136' title='bbox 306 938 450 969; x_wconf 88' lang='lat' dir='ltr'>creatus</span> <span class='ocrx_word' id='word_1_137' title='bbox 469 937 534 968; x_wconf 90' lang='lat' dir='ltr'>est.</span> <span class='ocrx_word' id='word_1_138' title='bbox 573 933 710 968; x_wconf 86' lang='lat' dir='ltr'>Cimbri</span> <span class='ocrx_word' id='word_1_139' title='bbox 729 933 881 967; x_wconf 86' lang='lat' dir='ltr'>vastatis</span> <span class='ocrx_word' id='word_1_140' title='bbox 895 932 1078 975; x_wconf 88' lang='lat' dir='ltr'>omnibus,</span> <span class='ocrx_word' id='word_1_141' title='bbox 1100 942 1193 975; x_wconf 88' lang='lat' dir='ltr'>quae</span> <span class='ocrx_word' id='word_1_142' title='bbox 1212 931 1307 965; x_wconf 89' lang='lat' dir='ltr'>inter</span> <span class='ocrx_word' id='word_1_143' title='bbox 1318 929 1466 963; x_wconf 81' lang='lat' dir='ltr'>Rhoda-</span> 
     </span>
     <span class='ocr_line' id='line_1_17' title="bbox 111 974 1467 1025; baseline -0.006 -10"><span class='ocrx_word' id='word_1_144' title='bbox 111 993 197 1015; x_wconf 86' lang='lat' dir='ltr'>num</span> <span class='ocrx_word' id='word_1_145' title='bbox 212 986 248 1015; x_wconf 91' lang='lat' dir='ltr'>et</span> <span class='ocrx_word' id='word_1_146' title='bbox 256 981 488 1025; x_wconf 79' lang='lat' dir='ltr'>Pyrenaeum</span> <span class='ocrx_word' id='word_1_147' title='bbox 501 982 595 1020; x_wconf 90' lang='lat' dir='ltr'>sunt,</span> <span class='ocrx_word' id='word_1_148' title='bbox 610 990 676 1022; x_wconf 90' lang='lat' dir='ltr'>per</span> <span class='ocrx_word' id='word_1_149' title='bbox 689 978 822 1012; x_wconf 83' lang='lat' dir='ltr'>saltum</span> <span class='ocrx_word' id='word_1_150' title='bbox 836 978 873 1011; x_wconf 94' lang='lat' dir='ltr'>in</span> <span class='ocrx_word' id='word_1_151' title='bbox 881 977 1099 1022; x_wconf 79' lang='lat' dir='ltr'>Hispaniam</span> <span class='ocrx_word' id='word_1_152' title='bbox 1112 975 1330 1021; x_wconf 75' lang='lat' dir='ltr'>transgressi</span> <span class='ocrx_word' id='word_1_153' title='bbox 1343 974 1467 1018; x_wconf 88' lang='lat' dir='ltr'>ibique</span> 
     </span>
     <span class='ocr_line' id='line_1_18' title="bbox 110 1019 1468 1068; baseline -0.004 -9"><span class='ocrx_word' id='word_1_154' title='bbox 110 1026 227 1059; x_wconf 87' lang='lat' dir='ltr'>multa</span> <span class='ocrx_word' id='word_1_155' title='bbox 239 1026 321 1059; x_wconf 84' lang='lat' dir='ltr'>loca</span> <span class='ocrx_word' id='word_1_156' title='bbox 333 1023 511 1068; x_wconf 88' lang='lat' dir='ltr'>populati,</span> <span class='ocrx_word' id='word_1_157' title='bbox 529 1035 550 1057; x_wconf 89' lang='lat' dir='ltr'>a</span> <span class='ocrx_word' id='word_1_158' title='bbox 564 1023 759 1059; x_wconf 87' lang='lat' dir='ltr'>Celtiberis</span> <span class='ocrx_word' id='word_1_159' title='bbox 773 1023 893 1068; x_wconf 85' lang='lat' dir='ltr'>fugati</span> <span class='ocrx_word' id='word_1_160' title='bbox 906 1026 1008 1067; x_wconf 68' lang='lat' dir='ltr'>sunt,</span> <span class='ocrx_word' id='word_1_161' title='bbox 1032 1021 1240 1066; x_wconf 84' lang='lat' dir='ltr'>reversique</span> <span class='ocrx_word' id='word_1_162' title='bbox 1253 1021 1291 1055; x_wconf 90' lang='lat' dir='ltr'>in</span> <span class='ocrx_word' id='word_1_163' title='bbox 1306 1019 1468 1055; x_wconf 80' lang='lat' dir='ltr'>Galliam</span> 
     </span>
     <span class='ocr_line' id='line_1_19' title="bbox 111 1069 902 1106; baseline -0.004 -2"><span class='ocrx_word' id='word_1_164' title='bbox 111 1071 149 1105; x_wconf 88' lang='lat' dir='ltr'>in</span> <span class='ocrx_word' id='word_1_165' title='bbox 162 1071 251 1106; x_wconf 89' lang='lat' dir='ltr'>belli</span> <span class='ocrx_word' id='word_1_166' title='bbox 264 1081 370 1104; x_wconf 88' lang='lat' dir='ltr'>casus</span> <span class='ocrx_word' id='word_1_167' title='bbox 384 1080 422 1103; x_wconf 85' lang='lat' dir='ltr'>se</span> <span class='ocrx_word' id='word_1_168' title='bbox 436 1069 614 1103; x_wconf 89' lang='lat' dir='ltr'>Teutonis</span> <span class='ocrx_word' id='word_1_169' title='bbox 628 1069 902 1103; x_wconf 81' lang='lat' dir='ltr'>coniunxerunt.</span> 
     </span>
     <span class='ocr_line' id='line_1_20' title="bbox 643 1121 938 1146; baseline 0 -1"><span class='ocrx_word' id='word_1_170' title='bbox 643 1122 693 1145; x_wconf 77' lang='lat' dir='ltr'>Ex</span> <span class='ocrx_word' id='word_1_171' title='bbox 711 1122 788 1146; x_wconf 83' lang='lat' dir='ltr'>Llss.</span> <span class='ocrx_word' id='word_1_172' title='bbox 809 1121 938 1146; x_wconf 78' lang='lat' dir='ltr'>LXVIII.</span> 
     </span>
     <span class='ocr_line' id='line_1_21' title="bbox 180 1155 1468 1203; baseline -0.004 -10"><span class='ocrx_word' id='word_1_173' title='bbox 180 1159 229 1194; x_wconf 90' lang='lat' dir='ltr'>M.</span> <span class='ocrx_word' id='word_1_174' title='bbox 249 1159 432 1193; x_wconf 89' lang='lat' dir='ltr'>Antonius</span> <span class='ocrx_word' id='word_1_175' title='bbox 457 1161 605 1203; x_wconf 89' lang='lat' dir='ltr'>praetor</span> <span class='ocrx_word' id='word_1_176' title='bbox 628 1158 665 1192; x_wconf 88' lang='lat' dir='ltr'>in</span> <span class='ocrx_word' id='word_1_177' title='bbox 685 1158 853 1192; x_wconf 84' lang='lat' dir='ltr'>Ciliciam</span> <span class='ocrx_word' id='word_1_178' title='bbox 878 1158 1079 1192; x_wconf 86' lang='lat' dir='ltr'>maritimos</span> <span class='ocrx_word' id='word_1_179' title='bbox 1104 1157 1309 1202; x_wconf 84' lang='lat' dir='ltr'>praedones</span> <span class='ocrx_word' id='word_1_180' title='bbox 1335 1155 1387 1201; x_wconf 89' lang='lat' dir='ltr'>(id</span> <span class='ocrx_word' id='word_1_181' title='bbox 1413 1157 1468 1189; x_wconf 85' lang='lat' dir='ltr'>est</span> 
     </span>
     <span class='ocr_line' id='line_1_22' title="bbox 137 1202 1468 1249; baseline -0.004 -11"><span class='ocrx_word' id='word_1_182' title='bbox 137 1205 265 1249; x_wconf 77' lang='lat' dir='ltr'>iratas)</span> <span class='ocrx_word' id='word_1_183' title='bbox 289 1209 503 1249; x_wconf 76' lang='lat' dir='ltr'>persecutus</span> <span class='ocrx_word' id='word_1_184' title='bbox 522 1208 587 1238; x_wconf 80' lang='lat' dir='ltr'>est.</span> <span class='ocrx_word' id='word_1_185' title='bbox 633 1204 672 1238; x_wconf 90' lang='lat' dir='ltr'>C.</span> <span class='ocrx_word' id='word_1_186' title='bbox 692 1203 831 1238; x_wconf 88' lang='lat' dir='ltr'>Marius</span> <span class='ocrx_word' id='word_1_187' title='bbox 850 1203 976 1238; x_wconf 90' lang='lat' dir='ltr'>consul</span> <span class='ocrx_word' id='word_1_188' title='bbox 997 1214 1136 1237; x_wconf 85' lang='lat' dir='ltr'>summa</span> <span class='ocrx_word' id='word_1_189' title='bbox 1155 1202 1191 1236; x_wconf 91' lang='lat' dir='ltr'>vi</span> <span class='ocrx_word' id='word_1_190' title='bbox 1210 1203 1425 1246; x_wconf 84' lang='lat' dir='ltr'>oppugnata</span> <span class='ocrx_word' id='word_1_191' title='bbox 1446 1211 1468 1233; x_wconf 81' lang='lat' dir='ltr'>a</span> 
     </span>
     <span class='ocr_line' id='line_1_23' title="bbox 110 1217 1468 1290; baseline -0.005 -5"><span class='ocrx_word' id='word_1_192' title='bbox 110 1217 290 1285; x_wconf 54' lang='lat' dir='ltr'>³i‘eutonis</span> <span class='ocrx_word' id='word_1_193' title='bbox 309 1253 346 1284; x_wconf 86' lang='lat' dir='ltr'>et</span> <span class='ocrx_word' id='word_1_194' title='bbox 364 1249 612 1283; x_wconf 86' lang='lat' dir='ltr'>Ambronibus</span> <span class='ocrx_word' id='word_1_195' title='bbox 632 1253 755 1282; x_wconf 86' lang='lat' dir='ltr'>castra</span> <span class='ocrx_word' id='word_1_196' title='bbox 779 1248 955 1283; x_wconf 81' lang='lat' dir='ltr'>defendit.</span> <span class='ocrx_word' id='word_1_197' title='bbox 993 1248 1134 1281; x_wconf 88' lang='lat' dir='ltr'>duobus</span> <span class='ocrx_word' id='word_1_198' title='bbox 1161 1247 1293 1281; x_wconf 88' lang='lat' dir='ltr'>deinde</span> <span class='ocrx_word' id='word_1_199' title='bbox 1317 1245 1468 1290; x_wconf 87' lang='lat' dir='ltr'>proeliis</span> 
     </span>
     <span class='ocr_line' id='line_1_24' title="bbox 111 1291 1467 1339; baseline -0.004 -10"><span class='ocrx_word' id='word_1_200' title='bbox 111 1295 209 1330; x_wconf 85' lang='grc'><strong>011011</strong></span> <span class='ocrx_word' id='word_1_201' title='bbox 220 1296 348 1339; x_wconf 84' lang='lat' dir='ltr'>Aquas</span> <span class='ocrx_word' id='word_1_202' title='bbox 364 1294 505 1328; x_wconf 83' lang='lat' dir='ltr'>Sextias</span> <span class='ocrx_word' id='word_1_203' title='bbox 526 1294 672 1327; x_wconf 88' lang='lat' dir='ltr'>eosdem</span> <span class='ocrx_word' id='word_1_204' title='bbox 690 1294 812 1327; x_wconf 88' lang='lat' dir='ltr'>hostes</span> <span class='ocrx_word' id='word_1_205' title='bbox 827 1294 979 1336; x_wconf 87' lang='lat' dir='ltr'>delevit,</span> <span class='ocrx_word' id='word_1_206' title='bbox 1000 1293 1037 1326; x_wconf 92' lang='lat' dir='ltr'>in</span> <span class='ocrx_word' id='word_1_207' title='bbox 1052 1293 1183 1336; x_wconf 82' lang='lat' dir='ltr'>quibus</span> <span class='ocrx_word' id='word_1_208' title='bbox 1198 1302 1306 1326; x_wconf 82' lang='lat' dir='ltr'>caesa</span> <span class='ocrx_word' id='word_1_209' title='bbox 1318 1291 1467 1324; x_wconf 83' lang='lat' dir='ltr'>tradun-</span> 
     </span>
     <span class='ocr_line' id='line_1_25' title="bbox 110 1337 1467 1383; baseline -0.004 -9"><span class='ocrx_word' id='word_1_210' title='bbox 110 1344 169 1374; x_wconf 86' lang='lat' dir='ltr'>tur</span> <span class='ocrx_word' id='word_1_211' title='bbox 182 1341 339 1373; x_wconf 86' lang='lat' dir='ltr'>hostium</span> <span class='ocrx_word' id='word_1_212' title='bbox 354 1339 512 1373; x_wconf 87' lang='lat' dir='ltr'>ducenta</span> <span class='ocrx_word' id='word_1_213' title='bbox 525 1338 643 1381; x_wconf 87' lang='lat' dir='ltr'>milia,</span> <span class='ocrx_word' id='word_1_214' title='bbox 665 1342 776 1382; x_wconf 87' lang='lat' dir='ltr'>capta</span> <span class='ocrx_word' id='word_1_215' title='bbox 788 1339 1003 1383; x_wconf 78' lang='lat' dir='ltr'>nonaginta.</span> <span class='ocrx_word' id='word_1_216' title='bbox 1040 1337 1177 1371; x_wconf 88' lang='lat' dir='ltr'>Marius</span> <span class='ocrx_word' id='word_1_217' title='bbox 1193 1337 1324 1371; x_wconf 84' lang='lat' dir='ltr'>absens</span> <span class='ocrx_word' id='word_1_218' title='bbox 1341 1337 1467 1380; x_wconf 87' lang='lat' dir='ltr'>quinto</span> 
     </span>
     <span class='ocr_line' id='line_1_26' title="bbox 111 1381 1470 1427; baseline -0.003 -9"><span class='ocrx_word' id='word_1_219' title='bbox 111 1385 238 1419; x_wconf 87' lang='lat' dir='ltr'>consul</span> <span class='ocrx_word' id='word_1_220' title='bbox 257 1388 400 1418; x_wconf 87' lang='lat' dir='ltr'>creatus</span> <span class='ocrx_word' id='word_1_221' title='bbox 420 1386 484 1417; x_wconf 87' lang='lat' dir='ltr'>est.</span> <span class='ocrx_word' id='word_1_222' title='bbox 522 1383 746 1427; x_wconf 86' lang='lat' dir='ltr'>triumphum</span> <span class='ocrx_word' id='word_1_223' title='bbox 766 1383 931 1416; x_wconf 84' lang='lat' dir='ltr'>oblatum</span> <span class='ocrx_word' id='word_1_224' title='bbox 946 1383 1062 1416; x_wconf 88' lang='lat' dir='ltr'>donec</span> <span class='ocrx_word' id='word_1_225' title='bbox 1076 1386 1113 1416; x_wconf 90' lang='lat' dir='ltr'>et</span> <span class='ocrx_word' id='word_1_226' title='bbox 1126 1382 1292 1416; x_wconf 88' lang='lat' dir='ltr'>Cimbros</span> <span class='ocrx_word' id='word_1_227' title='bbox 1305 1381 1470 1415; x_wconf 88' lang='lat' dir='ltr'>vinceret</span> 
     </span>
     <span class='ocr_line' id='line_1_27' title="bbox 112 1426 1468 1472; baseline -0.004 -9"><span class='ocrx_word' id='word_1_228' title='bbox 112 1429 262 1463; x_wconf 87' lang='lat' dir='ltr'>distulit.</span> <span class='ocrx_word' id='word_1_229' title='bbox 301 1428 438 1463; x_wconf 85' lang='lat' dir='ltr'>Cimbri</span> <span class='ocrx_word' id='word_1_230' title='bbox 459 1439 540 1461; x_wconf 89' lang='lat' dir='ltr'>cum</span> <span class='ocrx_word' id='word_1_231' title='bbox 559 1428 705 1471; x_wconf 84' lang='lat' dir='ltr'>repulso</span> <span class='ocrx_word' id='word_1_232' title='bbox 727 1428 772 1461; x_wconf 89' lang='lat' dir='ltr'>ab</span> <span class='ocrx_word' id='word_1_233' title='bbox 786 1428 944 1471; x_wconf 83' lang='lat' dir='ltr'>Alpibus</span> <span class='ocrx_word' id='word_1_234' title='bbox 964 1428 1167 1472; x_wconf 82' lang='lat' dir='ltr'>fugatoque</span> <span class='ocrx_word' id='word_1_235' title='bbox 1183 1426 1226 1466; x_wconf 82' lang='lat' dir='ltr'>Q.</span> <span class='ocrx_word' id='word_1_236' title='bbox 1242 1426 1373 1460; x_wconf 86' lang='lat' dir='ltr'>Catulo</span> <span class='ocrx_word' id='word_1_237' title='bbox 1387 1436 1468 1470; x_wconf 87' lang='lat' dir='ltr'>pro-</span> 
     </span>
     <span class='ocr_line' id='line_1_28' title="bbox 110 1471 1466 1518; baseline -0.004 -9"><span class='ocrx_word' id='word_1_238' title='bbox 110 1475 276 1517; x_wconf 87' lang='lat' dir='ltr'>consule,</span> <span class='ocrx_word' id='word_1_239' title='bbox 304 1473 366 1518; x_wconf 87' lang='lat' dir='ltr'>qui</span> <span class='ocrx_word' id='word_1_240' title='bbox 389 1473 516 1507; x_wconf 87' lang='lat' dir='ltr'>fauces</span> <span class='ocrx_word' id='word_1_241' title='bbox 540 1472 691 1516; x_wconf 91' lang='lat' dir='ltr'>Alpium</span> <span class='ocrx_word' id='word_1_242' title='bbox 717 1473 912 1507; x_wconf 86' lang='lat' dir='ltr'>obsederat</span> <span class='ocrx_word' id='word_1_243' title='bbox 936 1472 1144 1515; x_wconf 87' lang='lat' dir='ltr'>flumenque</span> <span class='ocrx_word' id='word_1_244' title='bbox 1169 1471 1337 1505; x_wconf 82' lang='lat' dir='ltr'>Athesim</span> <span class='ocrx_word' id='word_1_245' title='bbox 1365 1473 1396 1513; x_wconf 87' lang='lat'>[.</span> <span class='ocrx_word' id='word_1_246' title='bbox 1412 1497 1420 1503; x_wconf 89' lang='lat'>.</span> <span class='ocrx_word' id='word_1_247' title='bbox 1437 1473 1466 1512; x_wconf 87' lang='lat'>.]</span> 
     </span>
     <span class='ocr_line' id='line_1_29' title="bbox 111 1516 1468 1562; baseline -0.004 -8"><span class='ocrx_word' id='word_1_248' title='bbox 111 1520 302 1554; x_wconf 83' lang='lat' dir='ltr'>castellum</span> <span class='ocrx_word' id='word_1_249' title='bbox 317 1518 454 1553; x_wconf 88' lang='lat' dir='ltr'>editum</span> <span class='ocrx_word' id='word_1_250' title='bbox 468 1518 654 1552; x_wconf 86' lang='lat' dir='ltr'>insederat</span> <span class='ocrx_word' id='word_1_251' title='bbox 666 1517 909 1562; x_wconf 86' lang='lat' dir='ltr'>relinqueret,</span> <span class='ocrx_word' id='word_1_252' title='bbox 932 1528 1025 1562; x_wconf 88' lang='lat' dir='ltr'>quae</span> <span class='ocrx_word' id='word_1_253' title='bbox 1045 1521 1169 1551; x_wconf 84' lang='lat' dir='ltr'>tamen</span> <span class='ocrx_word' id='word_1_254' title='bbox 1182 1516 1315 1550; x_wconf 87' lang='lat' dir='ltr'>virtute</span> <span class='ocrx_word' id='word_1_255' title='bbox 1331 1527 1396 1549; x_wconf 86' lang='lat' dir='ltr'>sua</span> <span class='ocrx_word' id='word_1_256' title='bbox 1410 1527 1468 1549; x_wconf 83' lang='lat' dir='ltr'>ex-</span> 
     </span>
     <span class='ocr_line' id='line_1_30' title="bbox 110 1561 1469 1609; baseline -0.004 -11"><span class='ocrx_word' id='word_1_257' title='bbox 110 1565 249 1609; x_wconf 86' lang='lat' dir='ltr'>plicata</span> <span class='ocrx_word' id='word_1_258' title='bbox 277 1563 481 1609; x_wconf 83' lang='lat' dir='ltr'>fugientem</span> <span class='ocrx_word' id='word_1_259' title='bbox 510 1563 765 1607; x_wconf 87' lang='lat' dir='ltr'>proconsulem</span> <span class='ocrx_word' id='word_1_260' title='bbox 797 1563 1067 1607; x_wconf 80' lang='lat' dir='ltr'>exercitumque</span> <span class='ocrx_word' id='word_1_261' title='bbox 1099 1565 1297 1596; x_wconf 83' lang='lat' dir='ltr'>consecuta</span> <span class='ocrx_word' id='word_1_262' title='bbox 1328 1564 1399 1603; x_wconf 89' lang='lat' dir='ltr'>est,</span> <span class='ocrx_word' id='word_1_263' title='bbox 1432 1561 1469 1594; x_wconf 89' lang='lat' dir='ltr'>in</span> 
     </span>
     <span class='ocr_line' id='line_1_31' title="bbox 110 1605 1469 1652; baseline -0.004 -8"><span class='ocrx_word' id='word_1_264' title='bbox 110 1610 256 1644; x_wconf 88' lang='lat' dir='ltr'>ltaliam</span> <span class='ocrx_word' id='word_1_265' title='bbox 274 1608 521 1652; x_wconf 86' lang='lat' dir='ltr'>traiecissent,</span> <span class='ocrx_word' id='word_1_266' title='bbox 546 1608 680 1642; x_wconf 88' lang='lat' dir='ltr'>iunctis</span> <span class='ocrx_word' id='word_1_267' title='bbox 699 1609 862 1642; x_wconf 86' lang='lat' dir='ltr'>eiusdem</span> <span class='ocrx_word' id='word_1_268' title='bbox 883 1607 1005 1642; x_wconf 88' lang='lat' dir='ltr'>Catuli</span> <span class='ocrx_word' id='word_1_269' title='bbox 1024 1611 1060 1642; x_wconf 94' lang='lat' dir='ltr'>et</span> <span class='ocrx_word' id='word_1_270' title='bbox 1080 1606 1119 1642; x_wconf 91' lang='lat' dir='ltr'>C.</span> <span class='ocrx_word' id='word_1_271' title='bbox 1134 1606 1230 1640; x_wconf 90' lang='lat' dir='ltr'>Mari</span> <span class='ocrx_word' id='word_1_272' title='bbox 1250 1605 1469 1641; x_wconf 78' lang='lat' dir='ltr'>exercitibus</span> 
     </span>
     <span class='ocr_line' id='line_1_32' title="bbox 110 1651 1469 1700; baseline -0.004 -11"><span class='ocrx_word' id='word_1_273' title='bbox 110 1654 249 1700; x_wconf 86' lang='lat' dir='ltr'>proelio</span> <span class='ocrx_word' id='word_1_274' title='bbox 268 1654 355 1688; x_wconf 90' lang='lat' dir='ltr'>victi</span> <span class='ocrx_word' id='word_1_275' title='bbox 376 1657 476 1697; x_wconf 72' lang='lat' dir='ltr'>sunt,</span> <span class='ocrx_word' id='word_1_276' title='bbox 501 1653 539 1687; x_wconf 90' lang='lat' dir='ltr'>in</span> <span class='ocrx_word' id='word_1_277' title='bbox 559 1664 630 1698; x_wconf 90' lang='lat' dir='ltr'>quo</span> <span class='ocrx_word' id='word_1_278' title='bbox 650 1664 759 1688; x_wconf 88' lang='lat' dir='ltr'>caesa</span> <span class='ocrx_word' id='word_1_279' title='bbox 773 1654 968 1687; x_wconf 90' lang='lat' dir='ltr'>traduntur</span> <span class='ocrx_word' id='word_1_280' title='bbox 981 1653 1136 1687; x_wconf 87' lang='lat' dir='ltr'>hostium</span> <span class='ocrx_word' id='word_1_281' title='bbox 1151 1655 1297 1686; x_wconf 88' lang='lat' dir='ltr'>centum</span> <span class='ocrx_word' id='word_1_282' title='bbox 1312 1651 1469 1695; x_wconf 89' lang='lat' dir='ltr'>quadra-</span> 
     </span>
     <span class='ocr_line' id='line_1_33' title="bbox 111 1698 1469 1745; baseline -0.002 -13"><span class='ocrx_word' id='word_1_283' title='bbox 111 1700 215 1745; x_wconf 83' lang='lat' dir='ltr'>ginta</span> <span class='ocrx_word' id='word_1_284' title='bbox 231 1699 349 1742; x_wconf 86' lang='lat' dir='ltr'>milia,</span> <span class='ocrx_word' id='word_1_285' title='bbox 372 1710 415 1732; x_wconf 88' lang='lat' dir='ltr'>ca</span> <span class='ocrx_word' id='word_1_286' title='bbox 428 1703 483 1733; x_wconf 80' lang='lat' dir='ltr'>)ta</span> <span class='ocrx_word' id='word_1_287' title='bbox 502 1699 705 1744; x_wconf 79' lang='lat' dir='ltr'>sexaginta.</span> <span class='ocrx_word' id='word_1_288' title='bbox 742 1698 881 1732; x_wconf 89' lang='lat' dir='ltr'>Marius</span> <span class='ocrx_word' id='word_1_289' title='bbox 899 1699 1011 1732; x_wconf 90' lang='lat' dir='ltr'>totius</span> <span class='ocrx_word' id='word_1_290' title='bbox 1031 1698 1189 1732; x_wconf 86' lang='lat' dir='ltr'>civitatis</span> <span class='ocrx_word' id='word_1_291' title='bbox 1210 1707 1390 1731; x_wconf 86' lang='lat' dir='ltr'>consensu</span> <span class='ocrx_word' id='word_1_292' title='bbox 1411 1708 1469 1730; x_wconf 79' lang='lat' dir='ltr'>cx-</span> 
     </span>
     <span class='ocr_line' id='line_1_34' title="bbox 111 1741 1467 1790; baseline -0.003 -12"><span class='ocrx_word' id='word_1_293' title='bbox 111 1748 250 1790; x_wconf 59' lang='grc'><strong>0011105,</strong></span> <span class='ocrx_word' id='word_1_294' title='bbox 270 1755 335 1789; x_wconf 88' lang='lat' dir='ltr'>pro</span> <span class='ocrx_word' id='word_1_295' title='bbox 351 1744 421 1778; x_wconf 91' lang='lat' dir='ltr'>duo</span> <span class='ocrx_word' id='word_1_296' title='bbox 450 1756 492 1777; x_wconf 93' lang='lat' dir='ltr'>us</span> <span class='ocrx_word' id='word_1_297' title='bbox 505 1744 710 1788; x_wconf 85' lang='lat' dir='ltr'>triumphis,</span> <span class='ocrx_word' id='word_1_298' title='bbox 733 1744 795 1788; x_wconf 90' lang='lat' dir='ltr'>qui</span> <span class='ocrx_word' id='word_1_299' title='bbox 810 1744 1071 1787; x_wconf 84' lang='lat' dir='ltr'>offerebantur,</span> <span class='ocrx_word' id='word_1_300' title='bbox 1092 1754 1165 1776; x_wconf 90' lang='lat' dir='ltr'>uno</span> <span class='ocrx_word' id='word_1_301' title='bbox 1180 1745 1373 1776; x_wconf 85' lang='lat' dir='ltr'>contentus</span> <span class='ocrx_word' id='word_1_302' title='bbox 1387 1741 1467 1775; x_wconf 88' lang='lat' dir='ltr'>fuit.</span> 
     </span>
     <span class='ocr_line' id='line_1_35' title="bbox 110 1787 1469 1835; baseline -0.002 -12"><span class='ocrx_word' id='word_1_303' title='bbox 110 1792 285 1835; x_wconf 84' lang='lat' dir='ltr'>primores</span> <span class='ocrx_word' id='word_1_304' title='bbox 299 1789 473 1833; x_wconf 83' lang='lat' dir='ltr'>civitatis,</span> <span class='ocrx_word' id='word_1_305' title='bbox 496 1789 556 1833; x_wconf 86' lang='lat' dir='ltr'>qui</span> <span class='ocrx_word' id='word_1_306' title='bbox 571 1789 604 1823; x_wconf 90' lang='lat' dir='ltr'>ei</span> <span class='ocrx_word' id='word_1_307' title='bbox 619 1789 834 1833; x_wconf 88' lang='lat' dir='ltr'>aliquandiu</span> <span class='ocrx_word' id='word_1_308' title='bbox 847 1793 888 1823; x_wconf 90' lang='lat' dir='ltr'>ut</span> <span class='ocrx_word' id='word_1_309' title='bbox 901 1800 994 1823; x_wconf 90' lang='lat' dir='ltr'>novo</span> <span class='ocrx_word' id='word_1_310' title='bbox 1008 1788 1145 1823; x_wconf 88' lang='lat' dir='ltr'>homini</span> <span class='ocrx_word' id='word_1_311' title='bbox 1160 1788 1207 1821; x_wconf 86' lang='lat' dir='ltr'>ad</span> <span class='ocrx_word' id='word_1_312' title='bbox 1221 1791 1344 1821; x_wconf 87' lang='lat' dir='ltr'>tantos</span> <span class='ocrx_word' id='word_1_313' title='bbox 1357 1787 1469 1821; x_wconf 90' lang='lat' dir='ltr'>hono-</span> 
     </span>
     <span class='ocr_line' id='line_1_36' title="bbox 111 1833 1468 1878; baseline -0.003 -9"><span class='ocrx_word' id='word_1_314' title='bbox 111 1846 167 1869; x_wconf 84' lang='lat' dir='ltr'>res</span> <span class='ocrx_word' id='word_1_315' title='bbox 182 1838 308 1869; x_wconf 84' lang='lat' dir='ltr'>evecto</span> <span class='ocrx_word' id='word_1_316' title='bbox 322 1834 545 1877; x_wconf 88' lang='lat' dir='ltr'>inviderant,</span> <span class='ocrx_word' id='word_1_317' title='bbox 567 1838 821 1868; x_wconf 86' lang='lat' dir='ltr'>conservatam</span> <span class='ocrx_word' id='word_1_318' title='bbox 835 1834 881 1868; x_wconf 89' lang='lat' dir='ltr'>ab</span> <span class='ocrx_word' id='word_1_319' title='bbox 897 1845 938 1869; x_wconf 89' lang='lat' dir='ltr'>eo</span> <span class='ocrx_word' id='word_1_320' title='bbox 953 1846 1028 1868; x_wconf 89' lang='lat' dir='ltr'>rem</span> <span class='ocrx_word' id='word_1_321' title='bbox 1042 1833 1231 1878; x_wconf 87' lang='lat' dir='ltr'>publicam</span> <span class='ocrx_word' id='word_1_322' title='bbox 1244 1833 1468 1866; x_wconf 81' lang='lat' dir='ltr'>fatebantur.</span> 
     </span>
     <span class='ocr_line' id='line_1_37' title="bbox 113 1877 1469 1923; baseline -0.002 -10"><span class='ocrx_word' id='word_1_323' title='bbox 113 1879 300 1913; x_wconf 87' lang='lat' dir='ltr'>Publicius</span> <span class='ocrx_word' id='word_1_324' title='bbox 325 1879 520 1913; x_wconf 85' lang='lat' dir='ltr'>Malleolus</span> <span class='ocrx_word' id='word_1_325' title='bbox 550 1883 667 1913; x_wconf 89' lang='lat' dir='ltr'>matre</span> <span class='ocrx_word' id='word_1_326' title='bbox 699 1880 821 1913; x_wconf 87' lang='lat' dir='ltr'>occisa</span> <span class='ocrx_word' id='word_1_327' title='bbox 851 1880 988 1923; x_wconf 89' lang='lat' dir='ltr'>primus</span> <span class='ocrx_word' id='word_1_328' title='bbox 1020 1879 1058 1912; x_wconf 90' lang='lat' dir='ltr'>in</span> <span class='ocrx_word' id='word_1_329' title='bbox 1083 1879 1242 1913; x_wconf 89' lang='lat' dir='ltr'>culleum</span> <span class='ocrx_word' id='word_1_330' title='bbox 1265 1877 1407 1911; x_wconf 88' lang='lat' dir='ltr'>insutus</span> <span class='ocrx_word' id='word_1_331' title='bbox 1431 1877 1469 1910; x_wconf 86' lang='lat' dir='ltr'>in</span> 
     </span>
     <span class='ocr_line' id='line_1_38' title="bbox 111 1923 1468 1968; baseline -0.002 -10"><span class='ocrx_word' id='word_1_332' title='bbox 111 1936 210 1958; x_wconf 86' lang='lat' dir='ltr'>mare</span> <span class='ocrx_word' id='word_1_333' title='bbox 230 1923 494 1968; x_wconf 87' lang='lat' dir='ltr'>praecipitatus</span> <span class='ocrx_word' id='word_1_334' title='bbox 513 1927 578 1958; x_wconf 86' lang='lat' dir='ltr'>est.</span> <span class='ocrx_word' id='word_1_335' title='bbox 617 1924 752 1958; x_wconf 88' lang='lat' dir='ltr'>ancilia</span> <span class='ocrx_word' id='word_1_336' title='bbox 772 1936 854 1958; x_wconf 88' lang='lat' dir='ltr'>cum</span> <span class='ocrx_word' id='word_1_337' title='bbox 874 1924 1029 1968; x_wconf 87' lang='lat' dir='ltr'>strepitu</span> <span class='ocrx_word' id='word_1_338' title='bbox 1041 1928 1140 1958; x_wconf 88' lang='lat' dir='ltr'>mota</span> <span class='ocrx_word' id='word_1_339' title='bbox 1154 1934 1249 1966; x_wconf 88' lang='lat' dir='ltr'>esse,</span> <span class='ocrx_word' id='word_1_340' title='bbox 1272 1927 1468 1967; x_wconf 86' lang='lat' dir='ltr'>antequam</span> 
     </span>
     <span class='ocr_line' id='line_1_39' title="bbox 112 1968 1470 2015; baseline -0.001 -13"><span class='ocrx_word' id='word_1_341' title='bbox 112 1969 334 2015; x_wconf 85' lang='lat' dir='ltr'>Cimbricum</span> <span class='ocrx_word' id='word_1_342' title='bbox 351 1968 489 2002; x_wconf 89' lang='lat' dir='ltr'>bellum</span> <span class='ocrx_word' id='word_1_343' title='bbox 502 1973 829 2013; x_wconf 86' lang='lat' dir='ltr'>consummaretur,</span> <span class='ocrx_word' id='word_1_344' title='bbox 849 1969 1017 2003; x_wconf 85' lang='lat' dir='ltr'>refertur.</span> <span class='ocrx_word' id='word_1_345' title='bbox 1054 1969 1155 2003; x_wconf 88' lang='lat' dir='ltr'>bella</span> <span class='ocrx_word' id='word_1_346' title='bbox 1168 1972 1362 2013; x_wconf 86' lang='lat' dir='ltr'>praeterea</span> <span class='ocrx_word' id='word_1_347' title='bbox 1375 1970 1470 2001; x_wconf 86' lang='lat' dir='ltr'>inter</span> 
     </span>
     <span class='ocr_line' id='line_1_40' title="bbox 114 2013 671 2059; baseline -0.004 -11"><span class='ocrx_word' id='word_1_348' title='bbox 114 2014 242 2059; x_wconf 74' lang='lat' dir='ltr'>Syriae</span> <span class='ocrx_word' id='word_1_349' title='bbox 256 2024 363 2059; x_wconf 87' lang='lat' dir='ltr'>reges</span> <span class='ocrx_word' id='word_1_350' title='bbox 377 2017 483 2058; x_wconf 89' lang='lat' dir='ltr'>gesta</span> <span class='ocrx_word' id='word_1_351' title='bbox 498 2013 671 2047; x_wconf 88' lang='lat' dir='ltr'>eontinet.</span> 
     </span>
     <span class='ocr_line' id='line_1_41' title="bbox 644 2065 950 2090; baseline 0 0"><span class='ocrx_word' id='word_1_352' title='bbox 644 2066 697 2090; x_wconf 79' lang='lat' dir='ltr'>Ex</span> <span class='ocrx_word' id='word_1_353' title='bbox 715 2065 788 2090; x_wconf 69' lang='grc' dir='ltr'>ΜΒ.</span> <span class='ocrx_word' id='word_1_354' title='bbox 808 2066 950 2090; x_wconf 79' lang='lat' dir='ltr'>vanu.</span> 
     </span>
     <span class='ocr_line' id='line_1_42' title="bbox 180 2101 1469 2147; baseline -0.001 -10"><span class='ocrx_word' id='word_1_355' title='bbox 180 2103 223 2137; x_wconf 93' lang='lat' dir='ltr'>L.</span> <span class='ocrx_word' id='word_1_356' title='bbox 237 2103 418 2147; x_wconf 89' lang='lat' dir='ltr'>Apuleius</span> <span class='ocrx_word' id='word_1_357' title='bbox 433 2102 660 2145; x_wconf 82' lang='lat' dir='ltr'>Saturninus,</span> <span class='ocrx_word' id='word_1_358' title='bbox 677 2103 873 2138; x_wconf 86' lang='lat' dir='ltr'>adiuvante</span> <span class='ocrx_word' id='word_1_359' title='bbox 888 2103 928 2138; x_wconf 88' lang='lat' dir='ltr'>C.</span> <span class='ocrx_word' id='word_1_360' title='bbox 942 2102 1059 2138; x_wconf 89' lang='lat' dir='ltr'>Mario</span> <span class='ocrx_word' id='word_1_361' title='bbox 1075 2106 1111 2138; x_wconf 89' lang='lat' dir='ltr'>et</span> <span class='ocrx_word' id='word_1_362' title='bbox 1123 2114 1190 2147; x_wconf 91' lang='lat' dir='ltr'>per</span> <span class='ocrx_word' id='word_1_363' title='bbox 1202 2102 1336 2137; x_wconf 89' lang='lat' dir='ltr'>milites</span> <span class='ocrx_word' id='word_1_364' title='bbox 1350 2101 1469 2137; x_wconf 85' lang='lat' dir='ltr'>occiso</span> 
     </span>
     <span class='ocr_line' id='line_1_43' title="bbox 112 2148 1469 2193; baseline -0.001 -11"><span class='ocrx_word' id='word_1_365' title='bbox 112 2149 157 2182; x_wconf 93' lang='lat' dir='ltr'>A.</span> <span class='ocrx_word' id='word_1_366' title='bbox 172 2149 320 2184; x_wconf 87' lang='lat' dir='ltr'>Nunnio</span> <span class='ocrx_word' id='word_1_367' title='bbox 333 2149 582 2193; x_wconf 88' lang='lat' dir='ltr'>competitore,</span> <span class='ocrx_word' id='word_1_368' title='bbox 602 2149 770 2182; x_wconf 83' lang='lat' dir='ltr'>tribunus</span> <span class='ocrx_word' id='word_1_369' title='bbox 784 2149 903 2192; x_wconf 90' lang='lat' dir='ltr'>plebis</span> <span class='ocrx_word' id='word_1_370' title='bbox 916 2160 982 2193; x_wconf 89' lang='lat' dir='ltr'>per</span> <span class='ocrx_word' id='word_1_371' title='bbox 997 2149 1069 2183; x_wconf 89' lang='lat' dir='ltr'>vim</span> <span class='ocrx_word' id='word_1_372' title='bbox 1083 2152 1244 2191; x_wconf 88' lang='lat' dir='ltr'>creatus,</span> <span class='ocrx_word' id='word_1_373' title='bbox 1264 2159 1338 2182; x_wconf 92' lang='lat' dir='ltr'>non</span> <span class='ocrx_word' id='word_1_374' title='bbox 1350 2148 1469 2181; x_wconf 86' lang='lat' dir='ltr'>minus</span> 
     </span>
     <span class='ocr_line' id='line_1_44' title="bbox 113 2193 1469 2239; baseline -0.001 -11"><span class='ocrx_word' id='word_1_375' title='bbox 113 2194 291 2228; x_wconf 86' lang='lat' dir='ltr'>violenter</span> <span class='ocrx_word' id='word_1_376' title='bbox 309 2193 539 2228; x_wconf 89' lang='lat' dir='ltr'>tribunatum</span> <span class='ocrx_word' id='word_1_377' title='bbox 559 2205 668 2238; x_wconf 87' lang='lat' dir='ltr'>quam</span> <span class='ocrx_word' id='word_1_378' title='bbox 688 2194 847 2238; x_wconf 85' lang='lat' dir='ltr'>petierat</span> <span class='ocrx_word' id='word_1_379' title='bbox 865 2194 981 2239; x_wconf 82' lang='lat' dir='ltr'>gessit</span> <span class='ocrx_word' id='word_1_380' title='bbox 1000 2198 1036 2228; x_wconf 90' lang='lat' dir='ltr'>et</span> <span class='ocrx_word' id='word_1_381' title='bbox 1054 2205 1136 2227; x_wconf 86' lang='lat' dir='ltr'>cum</span> <span class='ocrx_word' id='word_1_382' title='bbox 1149 2194 1269 2238; x_wconf 84' lang='lat' dir='ltr'>legem</span> <span class='ocrx_word' id='word_1_383' title='bbox 1284 2194 1469 2238; x_wconf 86' lang='lat' dir='ltr'>agrariam</span> 
     </span>
     <span class='ocr_line' id='line_1_45' title="bbox 114 2239 1467 2283; baseline -0.001 -10"><span class='ocrx_word' id='word_1_384' title='bbox 114 2251 178 2283; x_wconf 87' lang='lat' dir='ltr'>per</span> <span class='ocrx_word' id='word_1_385' title='bbox 200 2239 273 2272; x_wconf 89' lang='lat' dir='ltr'>vim</span> <span class='ocrx_word' id='word_1_386' title='bbox 297 2239 458 2282; x_wconf 83' lang='lat' dir='ltr'>tulisset,</span> <span class='ocrx_word' id='word_1_387' title='bbox 485 2239 637 2274; x_wconf 86' lang='lat' dir='ltr'>Metello</span> <span class='ocrx_word' id='word_1_388' title='bbox 658 2239 872 2282; x_wconf 80' lang='lat' dir='ltr'>Numidico,</span> <span class='ocrx_word' id='word_1_389' title='bbox 899 2239 997 2283; x_wconf 87' lang='lat' dir='ltr'>quod</span> <span class='ocrx_word' id='word_1_390' title='bbox 1021 2240 1059 2272; x_wconf 89' lang='lat' dir='ltr'>in</span> <span class='ocrx_word' id='word_1_391' title='bbox 1080 2250 1161 2273; x_wconf 85' lang='lat' dir='ltr'>eam</span> <span class='ocrx_word' id='word_1_392' title='bbox 1179 2250 1253 2272; x_wconf 91' lang='lat' dir='ltr'>non</span> <span class='ocrx_word' id='word_1_393' title='bbox 1272 2239 1467 2282; x_wconf 87' lang='lat' dir='ltr'>iuraverat,</span> 
     </span>
     <span class='ocr_line' id='line_1_46' title="bbox 113 2283 1468 2327; baseline -0.001 -10"><span class='ocrx_word' id='word_1_394' title='bbox 113 2284 208 2318; x_wconf 87' lang='lat' dir='ltr'>diem</span> <span class='ocrx_word' id='word_1_395' title='bbox 223 2283 322 2317; x_wconf 78' lang='lat' dir='ltr'>dixit.</span> <span class='ocrx_word' id='word_1_396' title='bbox 351 2284 411 2327; x_wconf 87' lang='lat' dir='ltr'>qui</span> <span class='ocrx_word' id='word_1_397' title='bbox 425 2295 506 2317; x_wconf 89' lang='lat' dir='ltr'>cum</span> <span class='ocrx_word' id='word_1_398' title='bbox 521 2295 542 2318; x_wconf 85' lang='lat' dir='ltr'>a</span> <span class='ocrx_word' id='word_1_399' title='bbox 556 2284 661 2318; x_wconf 89' lang='lat' dir='ltr'>bonis</span> <span class='ocrx_word' id='word_1_400' title='bbox 676 2284 816 2318; x_wconf 88' lang='lat' dir='ltr'>civibus</span> <span class='ocrx_word' id='word_1_401' title='bbox 830 2284 1100 2327; x_wconf 87' lang='lat' dir='ltr'>defenderetur,</span> <span class='ocrx_word' id='word_1_402' title='bbox 1116 2295 1161 2318; x_wconf 91' lang='lat' dir='ltr'>ne</span> <span class='ocrx_word' id='word_1_403' title='bbox 1177 2295 1288 2317; x_wconf 87' lang='lat' dir='ltr'>causa</span> <span class='ocrx_word' id='word_1_404' title='bbox 1302 2283 1468 2318; x_wconf 86' lang='lat' dir='ltr'>certami-</span> 
     </span>
     <span class='ocr_line' id='line_1_47' title="bbox 112 2328 1469 2374; baseline -0.001 -12"><span class='ocrx_word' id='word_1_405' title='bbox 112 2340 199 2362; x_wconf 87' lang='lat' dir='ltr'>num</span> <span class='ocrx_word' id='word_1_406' title='bbox 223 2332 336 2372; x_wconf 87' lang='lat' dir='ltr'>esset,</span> <span class='ocrx_word' id='word_1_407' title='bbox 363 2330 400 2362; x_wconf 91' lang='lat' dir='ltr'>in</span> <span class='ocrx_word' id='word_1_408' title='bbox 425 2329 571 2363; x_wconf 82' lang='lat' dir='ltr'>exilium</span> <span class='ocrx_word' id='word_1_409' title='bbox 588 2329 833 2363; x_wconf 87' lang='lat' dir='ltr'>voluntarium</span> <span class='ocrx_word' id='word_1_410' title='bbox 850 2329 1022 2363; x_wconf 82' lang='lat' dir='ltr'>Rhodum</span> <span class='ocrx_word' id='word_1_411' title='bbox 1040 2329 1227 2374; x_wconf 82' lang='lat' dir='ltr'>profectus</span> <span class='ocrx_word' id='word_1_412' title='bbox 1248 2332 1318 2372; x_wconf 85' lang='lat' dir='ltr'>est,</span> <span class='ocrx_word' id='word_1_413' title='bbox 1345 2328 1469 2372; x_wconf 87' lang='lat' dir='ltr'>ibique</span> 
     </span>
     <span class='ocr_line' id='line_1_48' title="bbox 115 2373 1467 2419; baseline -0.001 -12"><span class='ocrx_word' id='word_1_414' title='bbox 115 2374 270 2419; x_wconf 81' lang='lat' dir='ltr'>legendo</span> <span class='ocrx_word' id='word_1_415' title='bbox 290 2377 326 2408; x_wconf 89' lang='lat' dir='ltr'>et</span> <span class='ocrx_word' id='word_1_416' title='bbox 341 2373 522 2408; x_wconf 88' lang='lat' dir='ltr'>audiendo</span> <span class='ocrx_word' id='word_1_417' title='bbox 536 2385 690 2419; x_wconf 84' lang='lat' dir='ltr'>magnos</span> <span class='ocrx_word' id='word_1_418' title='bbox 702 2375 798 2408; x_wconf 88' lang='lat' dir='ltr'>viros</span> <span class='ocrx_word' id='word_1_419' title='bbox 812 2375 1048 2408; x_wconf 85' lang='lat' dir='ltr'>avocabatur.</span> <span class='ocrx_word' id='word_1_420' title='bbox 1083 2374 1248 2418; x_wconf 85' lang='lat' dir='ltr'>profecto</span> <span class='ocrx_word' id='word_1_421' title='bbox 1263 2373 1303 2408; x_wconf 89' lang='lat' dir='ltr'>C.</span> <span class='ocrx_word' id='word_1_422' title='bbox 1317 2374 1467 2417; x_wconf 85' lang='lat' dir='ltr'>Marius,</span> 
     </span>
     <span class='ocr_line' id='line_1_49' title="bbox 112 2419 1469 2464; baseline 0 -12"><span class='ocrx_word' id='word_1_423' title='bbox 112 2419 299 2453; x_wconf 84' lang='lat' dir='ltr'>seditionis</span> <span class='ocrx_word' id='word_1_424' title='bbox 321 2422 463 2462; x_wconf 90' lang='lat' dir='ltr'>auctor,</span> <span class='ocrx_word' id='word_1_425' title='bbox 484 2419 545 2463; x_wconf 90' lang='lat' dir='ltr'>qui</span> <span class='ocrx_word' id='word_1_426' title='bbox 564 2423 703 2453; x_wconf 79' lang='lat' dir='ltr'>sextum</span> <span class='ocrx_word' id='word_1_427' title='bbox 723 2420 953 2454; x_wconf 84' lang='lat' dir='ltr'>consulatum</span> <span class='ocrx_word' id='word_1_428' title='bbox 966 2421 1122 2464; x_wconf 89' lang='lat' dir='ltr'>pecunia</span> <span class='ocrx_word' id='word_1_429' title='bbox 1134 2431 1200 2464; x_wconf 88' lang='lat' dir='ltr'>per</span> <span class='ocrx_word' id='word_1_430' title='bbox 1212 2420 1329 2453; x_wconf 84' lang='lat' dir='ltr'>tribus</span> <span class='ocrx_word' id='word_1_431' title='bbox 1343 2430 1469 2463; x_wconf 85' lang='lat' dir='ltr'>sparsa</span> 
     </span>
     <span class='ocr_line' id='line_1_50' title="bbox 112 2464 1469 2509; baseline -0.001 -10"><span class='ocrx_word' id='word_1_432' title='bbox 112 2468 262 2504; x_wconf 83' lang='lat' dir='ltr'>emerat,</span> <span class='ocrx_word' id='word_1_433' title='bbox 278 2475 375 2508; x_wconf 86' lang='lat' dir='ltr'>aqua</span> <span class='ocrx_word' id='word_1_434' title='bbox 389 2468 425 2498; x_wconf 88' lang='lat' dir='ltr'>et</span> <span class='ocrx_word' id='word_1_435' title='bbox 438 2464 514 2509; x_wconf 81' lang='lat' dir='ltr'>igni</span> <span class='ocrx_word' id='word_1_436' title='bbox 528 2464 727 2498; x_wconf 75' lang='lat' dir='ltr'>interdixit.</span> <span class='ocrx_word' id='word_1_437' title='bbox 760 2464 857 2499; x_wconf 88' lang='lat' dir='ltr'>idem</span> <span class='ocrx_word' id='word_1_438' title='bbox 870 2465 1050 2509; x_wconf 88' lang='lat' dir='ltr'>Apuleius</span> <span class='ocrx_word' id='word_1_439' title='bbox 1068 2465 1286 2499; x_wconf 82' lang='lat' dir='ltr'>Saturninus</span> <span class='ocrx_word' id='word_1_440' title='bbox 1300 2465 1469 2498; x_wconf 85' lang='lat' dir='ltr'>tribunus</span> 
     </span>
     <span class='ocr_line' id='line_1_51' title="bbox 112 2508 1468 2554; baseline 0 -12"><span class='ocrx_word' id='word_1_441' title='bbox 112 2509 230 2553; x_wconf 87' lang='lat' dir='ltr'>plebis</span> <span class='ocrx_word' id='word_1_442' title='bbox 244 2509 283 2543; x_wconf 91' lang='lat' dir='ltr'>C.</span> <span class='ocrx_word' id='word_1_443' title='bbox 297 2508 507 2542; x_wconf 87' lang='lat' dir='ltr'>Memmium</span> <span class='ocrx_word' id='word_1_444' title='bbox 527 2509 763 2543; x_wconf 84' lang='lat' dir='ltr'>candidatum</span> <span class='ocrx_word' id='word_1_445' title='bbox 785 2511 1012 2553; x_wconf 89' lang='lat' dir='ltr'>consulatus,</span> <span class='ocrx_word' id='word_1_446' title='bbox 1035 2511 1207 2554; x_wconf 86' lang='lat' dir='ltr'>quoniam</span> <span class='ocrx_word' id='word_1_447' title='bbox 1221 2509 1468 2544; x_wconf 81' lang='lat' dir='ltr'>adversarium</span> 
     </span>
     <span class='ocr_line' id='line_1_52' title="bbox 112 2554 1466 2600; baseline -0.001 -11"><span class='ocrx_word' id='word_1_448' title='bbox 112 2565 193 2589; x_wconf 84' lang='lat' dir='ltr'>eum</span> <span class='ocrx_word' id='word_1_449' title='bbox 209 2554 413 2589; x_wconf 88' lang='lat' dir='ltr'>actionibus</span> <span class='ocrx_word' id='word_1_450' title='bbox 427 2554 500 2587; x_wconf 88' lang='lat' dir='ltr'>suis</span> <span class='ocrx_word' id='word_1_451' title='bbox 514 2554 678 2598; x_wconf 88' lang='lat' dir='ltr'>timebat,</span> <span class='ocrx_word' id='word_1_452' title='bbox 690 2554 832 2589; x_wconf 86' lang='lat' dir='ltr'>occidit.</span> <span class='ocrx_word' id='word_1_453' title='bbox 860 2556 991 2600; x_wconf 88' lang='lat' dir='ltr'>quibus</span> <span class='ocrx_word' id='word_1_454' title='bbox 1004 2568 1041 2590; x_wconf 90' lang='lat' dir='ltr'>re</span> <span class='ocrx_word' id='word_1_455' title='bbox 1048 2557 1113 2589; x_wconf 86' lang='lat' dir='ltr'>bus</span> <span class='ocrx_word' id='word_1_456' title='bbox 1127 2556 1310 2590; x_wconf 87' lang='lat' dir='ltr'>concitato</span> <span class='ocrx_word' id='word_1_457' title='bbox 1326 2558 1466 2598; x_wconf 87' lang='lat' dir='ltr'>senatu,</span> 
     </span>
     <span class='ocr_line' id='line_1_53' title="bbox 112 2599 1467 2647; baseline 0.001 -15"><span class='ocrx_word' id='word_1_458' title='bbox 112 2599 149 2633; x_wconf 88' lang='lat' dir='ltr'>in</span> <span class='ocrx_word' id='word_1_459' title='bbox 162 2599 266 2633; x_wconf 90' lang='lat' dir='ltr'>cuius</span> <span class='ocrx_word' id='word_1_460' title='bbox 280 2610 429 2633; x_wconf 88' lang='lat' dir='ltr'>causam</span> <span class='ocrx_word' id='word_1_461' title='bbox 443 2603 479 2634; x_wconf 91' lang='lat' dir='ltr'>et</span> <span class='ocrx_word' id='word_1_462' title='bbox 493 2599 531 2634; x_wconf 90' lang='lat' dir='ltr'>C.</span> <span class='ocrx_word' id='word_1_463' title='bbox 546 2600 699 2639; x_wconf 78' lang='lat' dir='ltr'>Marius,</span> <span class='ocrx_word' id='word_1_464' title='bbox 722 2601 828 2634; x_wconf 90' lang='lat' dir='ltr'>homo</span> <span class='ocrx_word' id='word_1_465' title='bbox 842 2601 932 2635; x_wconf 88' lang='lat' dir='ltr'>varii</span> <span class='ocrx_word' id='word_1_466' title='bbox 947 2605 983 2635; x_wconf 92' lang='lat' dir='ltr'>et</span> <span class='ocrx_word' id='word_1_467' title='bbox 995 2601 1183 2635; x_wconf 87' lang='lat' dir='ltr'>mutabilis</span> <span class='ocrx_word' id='word_1_468' title='bbox 1197 2601 1338 2647; x_wconf 86' lang='lat' dir='ltr'>ingenii</span> <span class='ocrx_word' id='word_1_469' title='bbox 1352 2601 1467 2635; x_wconf 88' lang='lat' dir='ltr'>consi-</span> 
     </span>
     <span class='ocr_line' id='line_1_54' title="bbox 114 2644 1467 2691; baseline 0.001 -14"><span class='ocrx_word' id='word_1_470' title='bbox 114 2644 222 2689; x_wconf 84' lang='lat' dir='ltr'>liique</span> <span class='ocrx_word' id='word_1_471' title='bbox 236 2655 378 2689; x_wconf 85' lang='lat' dir='ltr'>semper</span> <span class='ocrx_word' id='word_1_472' title='bbox 391 2645 589 2679; x_wconf 88' lang='lat' dir='ltr'>secundum</span> <span class='ocrx_word' id='word_1_473' title='bbox 602 2645 803 2688; x_wconf 80' lang='lat' dir='ltr'>fortunam,</span> <span class='ocrx_word' id='word_1_474' title='bbox 819 2646 1031 2689; x_wconf 88' lang='lat' dir='ltr'>transierat,</span> <span class='ocrx_word' id='word_1_475' title='bbox 1053 2657 1248 2691; x_wconf 75' lang='lat' dir='ltr'>oppressus</span> <span class='ocrx_word' id='word_1_476' title='bbox 1262 2646 1372 2681; x_wconf 87' lang='lat' dir='ltr'>armis</span> <span class='ocrx_word' id='word_1_477' title='bbox 1386 2656 1467 2680; x_wconf 87' lang='lat' dir='ltr'>cum</span> 
     </span>
     <span class='ocr_line' id='line_1_55' title="bbox 113 2688 1468 2737; baseline 0.001 -13"><span class='ocrx_word' id='word_1_478' title='bbox 113 2688 271 2725; x_wconf 80' lang='lat' dir='ltr'>Glaucia</span> <span class='ocrx_word' id='word_1_479' title='bbox 284 2694 452 2736; x_wconf 80' lang='lat' dir='ltr'>praetore</span> <span class='ocrx_word' id='word_1_480' title='bbox 466 2693 504 2725; x_wconf 90' lang='lat' dir='ltr'>et</span> <span class='ocrx_word' id='word_1_481' title='bbox 517 2690 599 2724; x_wconf 85' lang='lat' dir='ltr'>aliis</span> <span class='ocrx_word' id='word_1_482' title='bbox 613 2690 776 2726; x_wconf 88' lang='lat' dir='ltr'>eiusdem</span> <span class='ocrx_word' id='word_1_483' title='bbox 786 2691 919 2726; x_wconf 86' lang='lat' dir='ltr'>furoris</span> <span class='ocrx_word' id='word_1_484' title='bbox 934 2692 1064 2736; x_wconf 85' lang='lat' dir='ltr'>[socis]</span> <span class='ocrx_word' id='word_1_485' title='bbox 1080 2692 1177 2727; x_wconf 85' lang='lat' dir='ltr'>bello</span> <span class='ocrx_word' id='word_1_486' title='bbox 1193 2692 1351 2737; x_wconf 88' lang='lat' dir='ltr'>quodam</span> <span class='ocrx_word' id='word_1_487' title='bbox 1359 2691 1468 2726; x_wconf 88' lang='lat' dir='ltr'>inter-</span> 
     </span>
    </p>
   </div>
  </div>
 </body>
</html>
