1804 2926
698 127 821 153 INDEX
843 127 989 154 RERVM.

145 215 213 249 stio
226 215 383 250 habetur
397 226 440 249 ex
455 212 549 248 SCto
563 214 600 246 et
618 210 776 255 expiatio
790 210 831 244 fit

144 261 193 294 ib.
208 261 297 294 3—4
311 260 356 294 cf.
372 260 427 303 32,
443 260 475 302 1,
490 259 522 292 9.

122 305 337 340 Provinciae
363 309 459 339 sorte
485 302 657 337 eveniunt
677 300 832 335 consuli-

145 351 213 385 bus
233 351 286 393 10,
302 351 357 393 24,
372 351 393 383 3
407 353 443 384 et
463 349 522 391 103
543 348 596 389 10,
617 347 672 387 26,
688 347 708 380 6
733 350 834 379 extra

146 400 280 429 sortem
295 396 426 429 dantur
440 394 493 436 10,
503 392 629 435 24,183
643 391 697 434 28,
707 391 762 433 38,
774 391 833 433 12,

144 441 200 483 37,
218 442 248 483 1,
265 441 376 474 7—-10
399 450 461 474 eas
476 442 539 472 aut
553 447 767 480 comparare
782 436 833 468 in-

145 490 202 519 ter
215 497 252 519 se
268 489 331 518 aut
344 484 464 518 sortiri
483 483 654 516 iubentur
667 481 834 515 consules

145 531 200 572 37,
218 533 248 573 1,
265 531 283 563 7
314 530 358 563 de
378 528 566 573 provincia
585 527 762 560 decedere
782 526 833 559 in-

147 576 246 608 iussu
260 579 408 608 senatus
421 573 573 608 vetitum
586 572 641 615 29,
658 572 711 613 19,
727 572 758 604 6.

123 619 341 654 Provocatio
356 630 377 653 a
390 629 477 664 rege
489 618 535 651 ad
549 617 724 661 populum
738 617 768 658 1,
778 616 833 658 26,

146 666 167 699 8
198 664 368 698 adversus
388 663 623 707 magistratus
643 662 675 705 2,
697 662 729 704 8,
744 662 764 694 2
791 662 834 695 (16

147 721 192 744 63
210 710 269 743 lex
287 709 365 742 lata
383 708 469 742 ibid.
486 708 527 741 P.
559 707 661 740 nulla
681 718 702 740 a
721 707 834 740 dicta-

146 759 224 788 tore
238 755 270 797 2,
287 754 341 797 18,
355 755 394 797 83
413 754 445 796 2,
460 753 515 796 29,
533 754 573 787 11
598 763 671 786 11011
690 752 835 796 longius

148 800 194 833 ab
214 800 303 833 urbe
320 799 418 833 mille
438 809 610 842 passuum
629 801 683 831 est
696 798 728 840 3,
744 800 798 839 20,
817 797 834 830 7

147 845 342 879 decemviri
357 844 434 878 sine
448 842 707 887 provocatione
722 842 835 876 creati

147 890 179 933 3,
195 890 250 932 32,
265 890 286 922 9
312 889 389 923 sine
404 900 448 923 ea
462 900 506 922 ne
522 888 617 921 ullus
637 887 742 921 fieret
761 898 834 920 ina-

147 935 334 979 gistratus,
356 935 439 979 lege
459 938 608 967 cautum
628 933 660 974 3,
676 934 730 975 55,
746 933 767 966 5
792 932 835 966 de

148 980 263 1014 calex
276 979 424 1013 tertium
439 983 567 1012 sancta
581 979 635 1022 10,
651 978 682 1019 9,
698 978 719 1011 3
732 977 774 1011 Ρ.

123 1025 312 1060 Proxenus
333 1025 550 1069 Hypataeus
569 1024 624 1066 41,
645 1023 700 1065 25,
715 1024 736 1056 3
762 1022 834 1056 610-

148 1070 299 1114 quentia
313 1069 467 1114 insignis
481 1069 529 1102 ib.
545 1069 565 1102 6
592 1068 638 1102 ab
652 1079 762 1102 uxore
776 1079 835 1102 ve-

146 1126 242 1149 neno
256 1119 409 1149 necatur
422 1114 509 1147 ibid.

123 1160 274 1195 Prusias
287 1159 483 1204 Bithyniae
498 1170 559 1193 rex
572 1159 626 1201 27,
643 1158 750 1201 30,16
770 1158 835 1191 At—

146 1205 212 1239 tali
226 1204 317 1239 fines
332 1206 516 1250 ingressus
524 1205 579 1247 28,
592 1205 622 1247 7,
634 1205 676 1237 10
697 1203 836 1237 foederi

146 1249 313 1284 Romano
329 1261 350 1283 a
363 1249 535 1293 Philippo
556 1249 761 1293 adscriptus
780 1248 834 1290 29,

149 1296 192 1329 14
210 1295 373 1339 Philippi
387 1295 504 1328 socius
521 1299 555 1328 61
571 1295 706 1327 311116115
716 1294 834 1336 32,34,

147 1341 168 1373 6
195 1341 241 1373 ad
262 1351 344 1373 eum
365 1340 508 1373 litterae
523 1339 696 1372 Antiochi
710 1339 765 1381 37,
780 1339 834 1380 25,

145 1385 169 1418 4
194 1384 373 1428 Scipionis
387 1385 471 1418 11).ss
499 1384 537 1418 C.
554 1384 678 1417 Livius
692 1384 836 1428 legatus

147 1429 276 1463 missus
290 1430 338 1463 ib.
349 1430 391 1462 13
417 1431 450 1463 ei
463 1428 584 1473 Mysia
598 1429 771 1472 adempta
780 1429 833 1469 38,

146 1475 201 1518 39,
218 1476 261 1508 15
297 1475 434 1508 bellum
455 1474 552 1519 gerit
571 1484 652 1507 cum
672 1473 835 1507 Eumene

148 1520 203 1562 39,
219 1520 274 1562 46,
290 1520 310 1552 9
335 1519 542 1553 Flaminino
563 1517 835 1564 gratificaturus

147 1564 397 1598 Hannibalem
409 1564 532 1609 prodit
544 1564 599 1607 39,
615 1565 668 1606 51,
684 1564 704 1597 3
718 1563 760 1596 P.
781 1573 836 1596 so-

146 1621 266 1644 rorem
285 1610 411 1644 Persei
436 1620 583 1643 uxorem
609 1609 761 1643 duxerat
780 1608 835 1651 42,

149 1655 204 1698 12,
225 1655 246 1688 3
282 1654 319 1688 in
344 1654 442 1689 bello
463 1654 701 1688 Macedonico
729 1654 837 1687 armis

150 1699 334 1734 abstinere
359 1699 488 1733 statuit
511 1699 566 1741 42,
592 1700 647 1741 29,
669 1700 690 1732 3
726 1709 837 1733 naves

148 1745 261 1778 mittit
280 1744 455 1778 Romanis
474 1744 529 1785 44,
546 1744 599 1786 10,
616 1744 659 1777 12
691 1743 767 1778 61115
788 1744 836 1777 16-

149 1790 242 1869 11ῒέ
254 1790 575 1869 ΡέἓωΡὲἳίῖῗηὲἓὲ
579 1789 838 1867 Γὲῗῗὲἶῗῃὲἓί

149 1861 250 1914 vehit
262 1880 317 1923 45,
331 1881 387 1923 44,
401 1880 423 1913 4
436 1879 477 1912 P.
492 1891 574 1913 eum
588 1879 729 1913 senatui
744 1889 837 1912 com-

149 1925 302 1960 mendat
325 1925 373 1958 ib.
399 1925 419 1958 9
444 1925 486 1958 P.
525 1935 653 1969 agrum
678 1924 841 1967 postulat

152 1970 271 2005 Gallis
285 1970 411 2004 datum
425 1970 479 2013 45,
494 1970 549 2013 44,
565 1972 585 2002 9
617 1969 788 2003 libertum
801 1979 838 2002 se

150 2015 223 2049 fert
241 2015 367 2059 populi
385 2015 542 2048 Romani
562 2014 610 2047 ib.
626 2015 667 2047 19
693 2014 770 2048 eius
789 2013 838 2047 le-

152 2061 229 2106 gati
256 2064 456 2104 queruntur
481 2061 526 2094 de
551 2059 714 2093 Eumene
740 2059 782 2092 P.
797 2059 840 2092 46

152 2105 313 2140 omnium
350 2105 705 2148 humillimorumque
736 2103 839 2138 vitio-

151 2162 231 2184 rum
256 2155 335 2185 erat
352 2151 394 2184 P.
415 2152 459 2184 50
495 2162 517 2184 a
541 2149 739 2184 Nicomede
765 2148 840 2182 filio

153 2195 293 2229 occisus
313 2196 400 2229 ibid.
426 2196 503 2230 eius
522 2194 617 2228 filius
637 2205 702 2239 pro
725 2194 840 2228 denti-

152 2241 221 2274 bus
245 2252 356 2273 unum
382 2251 421 2274 os
447 2240 638 2274 continens
669 2239 840 2273 habuisse

156 2285 288 2319 dicitur
302 2285 390 2318 ibid.

130 2331 317 2409 Ριγῒῑὲἑύῇ
338 2330 564 2364 Rhodiorum
605 2329 842 2375 magistratus

154 2378 197 2411 42
320 2401 326 2409 .

132 2402 313 2499 Psziblstriae
327 2420 466 2454 Romae
487 2419 635 2454 additae
655 2420 772 2464 epulis
786 2419 840 2463 39,

135 2471 467 2555 Pbs⁷eudophilippus
482 2509 527 2543 cf.
539 2521 565 2543 5.
574 2522 628 2543 vv.
638 2509 841 2543 Andriscus

157 2562 194 2592 ct
212 2557 424 2600 Philippus,
451 2555 683 2589 Thessaliam
707 2554 843 2590 frustra

157 2602 361 2649 ingreditur
374 2601 416 2635 P.
430 2601 475 2635 50
499 2611 606 2635 caeso
619 2600 661 2634 P.
676 2599 842 2634 Iuventio

1483 106 1567 147 393

879 214 1048 255 praetore
1068 210 1146 255 ipse
1167 221 1188 245 a
1208 209 1251 252 Q.
1273 208 1432 245 Caecilio
1450 207 1567 242 victus

881 260 917 290 et
931 260 1059 300 captus
1074 256 1162 290 ibid.

858 301 1192 346 Pseudophilippus
1219 300 1311 335 alter
1330 311 1352 333 a
1370 295 1569 333 Tremellio

882 358 963 379 cum
977 347 1137 381 exercitu
1151 357 1279 380 caesus
1292 345 1334 379 P.
1349 344 1403 378 53.

860 391 1027 425 Pteleum
1047 392 1101 435 35,
1116 392 1172 434 43,
1187 392 1209 425 4
1234 391 1418 425 desertum
1436 387 1528 433 fuga
1547 398 1571 421 a

883 437 1031 471 consule
1047 437 1201 470 diruitur
1214 437 1269 478 42,
1285 436 1340 478 67,
1355 435 1386 468 9.

860 482 1093 516 Ptolemaeus
1118 481 1334 525 Philopator
1362 480 1419 520 23,
1445 478 1500 520 10,
1527 477 1571 510 12

883 538 963 560 cum
977 538 1018 561 eo
1032 531 1227 562 renovatur
1242 525 1402 559 amicitia
1415 523 1512 566 27,4,
1528 522 1572 555 10

882 573 1026 617 legatos
1039 573 1151 606 mittit
1165 572 1211 605 ad
1223 570 1436 614 Philippum
1449 568 1504 611 27,
1514 567 1570 610 30,

882 618 905 651 4
930 618 1005 651 eius
1019 629 1114 651 mors
1128 618 1431 651 commemoratur
1443 613 1498 656 32,
1514 612 1569 654 33,

884 664 905 696 4
920 663 965 696 cf.
980 663 1021 696 P.
1037 663 1080 696 14
1104 663 1168 696 ubi
1182 661 1337 696 societas
1350 662 1573 694 memoratur

885 719 965 742 cum
978 708 1193 742 Ptolemaeo
1209 707 1345 740 iuncta.

862 753 1094 787 Ptolemaeus
1108 752 1319 797 Epiphanes
1332 748 1497 796 Aegypti
1509 759 1573 782 rex

884 799 939 840 31,
959 798 991 841 2,
1007 799 1028 832 3
1065 798 1111 832 ad
1138 809 1220 832 eum
1245 796 1361 842 legati
1384 794 1484 828 missi
1509 793 1572 838 qui

911 843 1022 877 ratias
1038 847 1191 888 agerent
1204 842 1291 876 ibid.
1306 842 1448 886 legatos
1462 839 1574 873 mittit

919 900 1038 922 omam
1052 890 1106 932 31,
1121 888 1142 921 9
1180 887 1337 931 Scopam
1356 885 1485 928 mittit,
1511 883 1573 928 qui

884 933 1099 968 Aetolorum
1135 933 1361 967 iuventutem
1403 929 1573 965 mercede

885 979 1068 1013 conducat
1081 980 1135 1019 31,
1150 978 1205 1021 43,
1221 978 1242 1012 5
1267 978 1299 1012 ei
1321 976 1430 1010 urbes
1445 974 1574 1009 adimit

885 1024 1088 1057 Antiochus
1109 1024 1163 1065 33,
1186 1024 1239 1065 19,
1260 1023 1281 1056 8
1296 1026 1331 1057 61
1346 1023 1386 1055 11
1423 1031 1572 1055 uxorem

886 1069 985 1102 ducit
998 1068 1171 1103 Antiochi
1185 1067 1299 1102 filiam
1314 1068 1369 1110 35,
1393 1067 1447 1109 13,
1464 1065 1486 1099 4
1509 1075 1572 1109 pe-

886 1114 1031 1148 cuniam
1052 1120 1088 1148 et
1108 1113 1243 1148 auxilia
1262 1112 1429 1147 offerenti
1448 1110 1572 1145 remis-

885 1171 963 1192 sum
984 1159 1021 1192 id
1042 1170 1063 1192 a
1082 1159 1218 1203 populo
1238 1158 1342 1191 Rom.
1357 1157 1412 1199 36,
1427 1157 1459 1198 4,
1475 1156 1496 1189 3
1526 1155 1572 1190 de

884 1204 980 1238 victo
994 1205 1177 1238 Antiocho
1196 1203 1403 1248 gratulatur
1416 1202 1471 1246 37,
1486 1201 1518 1245 3,
1533 1200 1553 1234 9
1565 1212 1574 1244 ;

885 1250 939 1291 37,
956 1250 1010 1291 56,
1025 1250 1058 1283 4.

864 1295 1097 1329 Ptolemaeus
1117 1294 1233 1327 maior
1245 1293 1474 1327 Philometor
1492 1302 1574 1336 pro-

885 1344 967 1383 pter
981 1344 1139 1373 aetatem
1160 1339 1272 1373 alieni
1293 1338 1433 1372 arbitrii
1446 1338 1502 1380 42,
1516 1337 1572 1380 29,

886 1386 904 1418 7
931 1384 1007 1418 61115
1015 1388 1153 1418 tutores
1169 1383 1484 1418 auxiliaRomanis
1497 1382 1574 1426 pol-

886 1429 1042 1463 licentur
1056 1429 1142 1462 ibid.
1181 1430 1258 1463 eius
1284 1428 1397 1473 legati
1419 1439 1574 1472 querun-

885 1479 944 1508 tur
958 1475 1002 1508 de
1018 1473 1191 1507 Antiochi
1206 1473 1347 1506 insidiis
1360 1473 1416 1516 44,
1433 1473 1486 1515 19,
1503 1472 1574 1506 6P.

884 1520 978 1553 inter
992 1530 1073 1553 eum
1088 1523 1125 1553 et
1142 1519 1294 1552 fratrem
1313 1518 1489 1551 minorem
1504 1517 1576 1550 dis-

886 1565 1032 1599 cordiae
1056 1565 1118 1607 45,
1147 1564 1187 1597 11
1224 1563 1399 1597 Antiochi
1424 1562 1575 1596 insidias

886 1613 1091 1644 metuentes
1105 1610 1140 1643 in
1155 1608 1314 1654 gratiam
1327 1608 1483 1643 redeunt
1496 1608 1542 1642 ib.
1554 1609 1575 1641 6

885 1655 1023 1689 bellum
1055 1655 1098 1687 iis
1130 1654 1291 1689 inferens
1322 1653 1528 1687 Antiochus
1554 1665 1576 1687 a

886 1701 1010 1745 legato
1036 1699 1141 1734 Rom.
1169 1700 1373 1734 deterretur
1396 1699 1451 1741 45,
1480 1699 1533 1741 12,
1555 1700 1576 1732 6

887 1757 1011 1779 eorum
1024 1745 1139 1790 legati
1152 1745 1291 1778 Romae
1305 1744 1360 1787 45,
1371 1744 1455 1788 13,4
1469 1755 1490 1777 a
1504 1743 1576 1778 fra-

886 1795 941 1824 tre
966 1790 1105 1824 minore
1131 1801 1246 1835 regno
1272 1789 1398 1833 pulsus
1417 1788 1576 1823 restitui-

886 1840 946 1868 tur
970 1836 1011 1868 P.
1038 1835 1082 1868 46
1125 1835 1256 1868 foedus
1280 1836 1392 1867 ictum
1417 1838 1458 1866 ut
1483 1834 1577 1868 alter

886 1881 1061 1924 Aegypto
1090 1879 1181 1913 alter
1202 1879 1355 1924 Cyrenis
1380 1879 1579 1922 imperaret

888 1925 980 1958 P.47
1001 1924 1229 1958 Demetrium
1243 1935 1418 1968 generum
1431 1923 1576 1957 restitu-

887 1974 988 2003 turus
998 1969 1034 2003 111
1043 1981 1197 2014 regnum
1206 1969 1417 2002 vulneratur
1430 1972 1465 2002 et
1480 1968 1578 2012 expi-

888 2019 946 2048 rat
967 2015 1007 2048 P.
1029 2015 1072 2048 52
1109 2014 1143 2048 61
1167 2014 1284 2048 11111101·
1309 2013 1488 2057 succedit,
1516 2015 1578 2058 qui

890 2059 1043 2104 Cyrenis
1055 2059 1238 2104 regnabat
1251 2059 1339 2092 ibid.

866 2106 1101 2139 Ptolemaeus
1115 2105 1231 2138 minor
1239 2103 1579 2149 EuergeteS,frater

888 2150 1146 2184 Philometor-is
1183 2149 1244 2195 (cf.
1281 2148 1393 2194 hunc)
1429 2152 1579 2193 propter

890 2195 1144 2229 crudelitatem
1166 2194 1301 2228 invisus
1316 2193 1464 2238 Cypron
1482 2194 1579 2238 fugit

889 2241 931 2274 P.
943 2241 985 2274 59
1003 2239 1116 2273 filiam
1131 2251 1233 2273 suam
1247 2239 1381 2273 occidit
1395 2242 1578 2284 caputque

890 2286 997 2319 matri
1012 2285 1087 2319 eius
1101 2285 1213 2318 mittit
1225 2284 1313 2318 ibid.

867 2331 1100 2365 Ptolemaeus
1131 2330 1297 2375 Aegypti
1332 2340 1394 2363 rex
1423 2328 1579 2362 Romam

889 2376 985 2421 fugit
1000 2376 1041 2409 P.
1058 2375 1124 2409 104
1159 2375 1195 2408 in
1216 2385 1370 2420 regnum
1389 2374 1580 2408 restitutus

890 2421 932 2454 P.
950 2421 1025 2454 105.

867 2465 1101 2499 Ptolemaeus
1132 2463 1298 2510 Aegypti
1328 2475 1392 2498 rex
1422 2462 1578 2507 Cleopa-

889 2515 983 2544 tram
1001 2521 1115 2555 regno
1141 2510 1247 2554 pellit
1264 2510 1305 2543 P.
1321 2510 1386 2542 111
1421 2508 1578 2552 Pompe-

889 2556 964 2589 ium
983 2555 1085 2589 iubet
1098 2554 1343 2590 occidiP.112
1380 2564 1402 2588 a
1420 2553 1580 2589 Caesare

890 2601 1007 2635 vietus
1021 2600 1108 2634 ibid.
