1804 2926
252 172 331 213 132
498 177 651 212 LIBER
677 175 924 218 xxxxuu,
952 175 1006 208 Ξῖ.
1028 174 1082 207 25.
1112 173 1351 216 [amasse]

249 282 480 330 Thessalia,
502 280 614 322 unde
637 295 734 321 0501
737 280 869 320 citus
861 279 1062 325 alebatm,
1089 276 1335 331 potuissent,
1354 290 1490 329 neque
1509 291 1604 331 pro-

206 362 221 390 7
248 345 385 401 gredi,
420 359 515 385 eum
541 358 592 385 ex
623 343 798 383 adverso
829 348 964 382 castra
989 340 1273 380 Macedonum
1300 337 1380 393 [...
1396 337 1428 394 .]
1454 339 1525 392 qui
1557 353 1606 380 ea

248 407 531 463 pependerant
568 420 660 459 spe,
697 403 811 444 haud
847 396 1109 445 mediocritei
1146 401 1301 442 debilit
1294 416 1344 441 ιἰι
1347 401 1390 441 it.
1458 400 1605 442 eadem

203 485 222 515 S
249 486 299 511 av
304 470 422 511 ϊιιίιίιι
438 468 642 510 Gentium
666 481 810 521 regem
832 466 910 506 sibi
936 465 1142 506 alienavit.
1182 480 1280 505 nam
1301 478 1397 504 cum
1422 470 1606 504 trecenta

248 534 403 574 talenta
427 531 571 572 Pellae
603 529 739 570 missis
772 544 796 569 a
828 527 984 570 Gentio
1017 533 1298 575 munerasset,
1338 526 1503 580 signare
1535 539 1606 565 eos

205 609 222 638 9
249 595 472 650 pecuniam
491 608 653 648 passus,
674 591 769 632 iude
785 591 930 632 decem
950 590 1088 631 twilent
1082 606 1105 630 ιι
1120 590 1172 630 ad
1186 589 1482 630 Pantauchum
1495 596 1606 627 111151ῐ

249 672 381 710 eaque
407 655 643 711 praesentia
669 653 758 693 dari
783 653 873 707 regi
898 652 1035 700 iussit3
1061 652 1264 705 reliquam
1291 650 1526 705 pecuniam,
1553 649 1607 689 si-

248 735 317 773 own
319 728 419 759 11ι1111
437 718 514 761 Illv
518 731 600 757 1101
603 732 672 756 11111
694 715 827 770 siffno,
850 714 1111 769 p·01tantil›us
1127 714 1212 754 suis
1232 713 1447 768 praecipit,
1467 711 1607 767 parvis

186 795 224 823 10
249 781 465 822 itineribus
481 779 692 827 veherent,
714 752 810 819 dein
825 792 920 818 cum
935 777 987 817 ad
1002 777 1127 817 finem
1140 775 1419 817 Macedoniae
1434 784 1606 815 ventum

249 850 375 891 esset,
422 842 694 882 subsisterent
736 840 794 880 ibi
831 854 879 880 ae
924 839 1090 879 nuntios
1129 839 1181 878 ab
1219 854 1261 879 50
1301 838 1603 892 opperirentur.

184 918 221 946 11
250 904 430 945 Gentius
457 903 610 957 exigua
635 911 752 956 parte
777 901 980 956 pecuniae
1006 892 1191 954 accepta,
1219 915 1315 940 011111
1341 899 1513 940 adsidue
1540 897 1606 953 [a]

248 965 496 1007 Pantaucho
523 965 575 1005 ad
600 964 864 1005 lacessendos
891 963 1029 1002 hostili
1054 962 1166 1002 facto
1180 962 1394 1002 Romanos
1421 960 1608 1001 stimula-

249 1035 374 1075 retur,
395 1027 458 1067 M.
473 1026 735 1081 Perpernam
757 1033 795 1066 et
810 1026 864 1065 L.
880 1025 1096 1065 Petillium
1115 1024 1290 1078 legatos,
1313 1023 1383 1077 qui
1399 1031 1486 1063 tum
1501 1022 1607 1063 forte

188 1105 223 1133 12
251 1090 304 1131 ad
330 1105 426 1130 eum
452 1096 667 1137 venerant,
693 1088 736 1127 in
763 1087 995 1127 custodiam
1022 1086 1209 1127 coniecit.
1248 1086 1327 1126 hoc
1349 1085 1490 1126 audito
1504 1084 1608 1126 Per-

251 1167 344 1193 seus
372 1151 628 1192 contraxisse
655 1165 751 1191 eum
776 1149 1037 1190 necessitatis
1059 1147 1201 1203 [satis]
1224 1155 1338 1188 ratus
1361 1147 1415 1187 ad
1436 1147 1607 1195 bellum,

250 1215 394 1267 utique
421 1228 515 1254 011111
541 1213 757 1261 Romanis,
784 1212 837 1252 ad
862 1212 1145 1252 revocandum
1171 1210 1242 1264 qui
1266 1210 1489 1264 pecuniam
1514 1224 1609 1264 por-

250 1277 364 1317 tabat
380 1276 504 1324 misit,
519 1276 632 1316 velut
647 1275 750 1315 nihil
770 1275 884 1315 aliud
899 1290 1042 1329 agens,
1056 1289 1182 1327 quain
1195 1281 1238 1313 ut
1255 1280 1411 1326 quanta
1426 1272 1608 1312 maxima

188 1354 223 1381 13
249 1348 388 1394 posset
421 1339 578 1393 praeda
609 1353 660 1378 ex
693 1353 736 1379 se
762 1338 872 1378 victo
898 1337 1099 1378 Romanis
1132 1344 1427 1377 reservaretur.
1489 1342 1530 1376 et
1555 1335 1608 1375 ab

249 1401 441 1441 Eumene
457 1400 717 1454 Hierophon‚
743 1399 896 1453 ignotis
921 1414 1027 1452 quae
1051 1399 1212 1439 occulte
1228 1406 1321 1438 aeta
1336 1405 1465 1445 erant,
1487 1397 1605 1438 redit.

251 1464 301 1504 de
336 1463 511 1517 captivis
543 1473 682 1502 aetum
709 1477 798 1503 esse
825 1470 863 1503 et
895 1462 975 1516 ipsi
1008 1462 1303 1515 evolgaverant
1330 1468 1369 1501 et
1394 1460 1606 1501 Eumenes

251 1526 464 1566 consulem
489 1524 683 1565 vitandae
711 1524 955 1578 suspicionis
983 1538 1109 1564 causa
1135 1523 1353 1564 certiorem
1378 1522 1491 1563 fecit.

211 1601 224 1629 1
335 1586 558 1627 XXVIII.
596 1586 778 1627 Perseus
810 1594 900 1639 post
934 1586 1114 1626 reditum
1147 1585 1199 1625 ab
1231 1584 1424 1625 Eumene
1455 1584 1607 1625 Hiero-

251 1648 419 1703 phontis
445 1663 518 1702 spe
551 1647 734 1689 deiectus
757 1648 1017 1688 Antenorem
1043 1655 1081 1687 et
1110 1645 1348 1701 Callippum
1375 1645 1608 1700 praefectos

253 1710 395 1751 classis
423 1725 518 1751 eum
545 1710 824 1763 quadraginta
848 1709 996 1750 lembis
1021 1733 1078 1738 —
1103 1709 1287 1749 adiectae
1316 1708 1370 1748 ad
1395 1708 1505 1749 hune
1529 1723 1608 1748 nu-

253 1787 414 1814 merum
439 1772 622 1825 quinque
648 1772 786 1826 pristis
813 1779 929 1813 erant
953 1795 1010 1800 —
1034 1771 1253 1812 Tenedum
1278 1770 1416 1819 mittit,
1442 1778 1487 1810 ut
1512 1769 1609 1810 inde

254 1836 387 1890 sparsi
412 1851 486 1890 per
513 1834 722 1889 Cycladas
747 1835 905 1875 insulas
931 1850 1059 1875 naves
1079 1833 1377 1875 Macedoniam
1403 1848 1498 1873 cum
1523 1832 1610 1873 fru-

209 1911 226 1939 3
252 1901 392 1939 mento
417 1907 606 1952 petentes
637 1905 885 1938 tutarentur.
936 1896 1226 1939 Cassandreae
1253 1896 1457 1936 deductae
1482 1910 1610 1936 naves

252 1961 294 2000 in
326 1970 465 2014 portas
498 1959 697 2014 primum,
736 1959 808 2012 qui
839 1959 917 2000 sub
942 1959 1058 1999 Atho
1083 1966 1224 1999 monte
1256 1966 1370 2007 sunt,
1407 1958 1504 1999 inde
1529 1958 1612 1999 Te-

252 2022 406 2063 nedum
445 2022 608 2076 placido
645 2022 749 2063 mari
786 2036 882 2063 cum
915 2021 1195 2069 traiecissent,
1234 2021 1379 2061 stantis
1410 2020 1453 2061 in
1488 2030 1612 2075 portu

253 2083 438 2128 Rhodias
473 2092 637 2139 apertas
668 2099 797 2125 naves
824 2084 1149 2137 Eudamumque
1181 2083 1442 2138 praefectum
1467 2098 1611 2124 earum
1661 2075 1667 2078 ⁴

252 2147 474 2187 inviolatos
517 2155 642 2200 atque
687 2147 811 2188 etiam
854 2147 1035 2202 benigne
1078 2147 1307 2201 appellatos
1352 2145 1609 2186 dimiserunt.

209 2222 228 2250 4
254 2209 420 2263 cognito
458 2209 607 2250 deinde
644 2209 687 2250 in
722 2210 851 2251 latere
889 2210 1018 2251 altero
1058 2208 1364 2263 quinquaginta
1400 2207 1610 2248 onerarias

256 2284 425 2311 suarum
451 2272 657 2313 stantibus
682 2272 725 2312 in
751 2272 855 2313 ostio
881 2281 1024 2326 portus
1050 2271 1252 2312 Eumenis
1283 2270 1488 2318 rostratis,
1520 2269 1612 2323 qui·-

211 2345 228 2372 5
255 2332 332 2372 bus
347 2332 526 2373 Damius
548 2343 753 2387 praeerat,
774 2334 957 2375 inclusas
979 2349 1083 2382 esse,
1110 2333 1414 2374 circumvectus
1434 2342 1610 2387 propere

256 2408 303 2433 ae
329 2395 545 2434 summotis
572 2403 727 2437 terrore
753 2396 936 2437 hostium
960 2396 1153 2445 navibus,
1180 2395 1389 2436 onerarias
1413 2394 1518 2435 datis
1538 2393 1610 2447 qui

256 2464 607 2508 prosequerentur
633 2458 777 2498 decem
810 2459 958 2499 lembis
983 2459 1027 2499 in
1051 2457 1349 2499 blacedoniam
1374 2456 1518 2504 mittit,
1554 2456 1610 2496 ita

213 2528 230 2557 6
256 2526 300 2556 ut
326 2517 368 2557 in
393 2525 527 2557 tutum
553 2520 761 2571 prosecuti
786 2521 966 2562 redirent
992 2521 1224 2562 Tenedum.
1285 2534 1395 2560 nono
1426 2526 1520 2573 post
1544 2516 1610 2557 die

256 2577 309 2618 ad
335 2578 508 2618 classem
534 2579 617 2619 iam
642 2580 695 2620 ad
721 2579 895 2635 Sigeum
922 2590 1100 2623 stantem
1124 2583 1348 2623 redierunt.
1405 2580 1501 2620 inde
1528 2578 1609 2620 Su-

257 2639 354 2679 bota
383 2664 432 2667 -νὴ
457 2639 591 2681 insula
618 2651 677 2682 est
702 2641 917 2684 interiecta
942 2643 1097 2684 Elaeae
1125 2651 1163 2684 et
1191 2642 1298 2684 Chio
1319 2667 1374 2671 Ξ
1399 2641 1604 2682 traiciunt.

209 1788 226 1816 [ό
