1804 2926
489 155 640 188 LIBER
666 153 894 197 XXXXHI,
922 154 975 187 14.
997 154 1049 187 15.
1076 157 1127 195 [a.
1143 152 1181 187 C.
1200 154 1278 196 169]
1510 146 1563 186 99

207 270 333 313 tuque
365 274 417 299 ex
447 258 582 299 edicto
615 256 665 298 C.
699 255 872 305 Claudi,
906 256 971 297 Ti.
1005 256 1228 311 Semproni
1260 272 1479 299 censorum
1509 258 1562 299 ad

207 322 405 365 dilectum
428 319 614 374 prodibis
640 328 681 360 et
711 319 1087 372 quotienscumque
1114 319 1289 360 dilectus
1315 320 1410 369 erit,
1436 334 1562 374 quem

207 383 270 423 his
296 382 538 423 censoribus
564 381 834 436 magistratus
860 380 1089 429 habebunt,
1116 381 1149 422 si
1174 382 1293 423 miles
1318 382 1454 423 factus
1479 396 1563 423 non

207 445 304 493 eris,
341 445 385 485 in
415 444 569 485 dilectu
599 443 831 498 prodibis‘?'
881 442 981 484 item
1012 443 1111 496 quia
1142 443 1256 485 fama
1288 453 1376 486 erat
1410 444 1563 485 multos

207 522 259 548 ex
283 506 571 547 Macedonicis
595 505 832 559 legionibus
857 505 1025 545 incertis
1052 506 1352 547 commeatibus
1377 521 1452 562 per
1476 522 1564 548 am-

207 568 406 609 bitionem
436 567 735 622 imperatorum
761 567 814 608 ab
849 567 1033 608 exercitu
1058 567 1225 617 abesse,
1262 568 1482 609 edixerunt
1514 568 1565 610 de

207 630 407 671 militibus
437 630 488 670 P.
515 629 658 677 Aelio,
699 628 770 684 [C.
798 627 999 683 Popillio]
1039 630 1280 670 consulibus
1318 637 1465 685 postve
1495 644 1565 672 eos

207 693 397 733 consules
423 692 465 732 in
490 692 788 733 BIaeedoniam
815 691 998 746 scriptis,
1036 699 1081 732 ut
1105 692 1178 746 qui
1202 706 1346 733 eorum
1376 692 1419 733 in
1443 692 1566 733 Italia

208 762 365 804 essent,
398 754 506 796 intra
531 755 619 796 dies
644 754 832 809 triginta,
865 754 978 795 censi
1001 754 1117 808 prius
1143 762 1244 809 aput
1269 770 1378 805 sese,
1403 755 1447 796 in
1470 769 1566 810 pro-

207 817 388 858 vinciam
417 817 618 866 redirent3
652 817 724 870 qui
754 817 797 857 in
826 816 956 871 patris
982 824 1054 857 aut
1085 816 1152 857 avi
1183 824 1388 872 potestate
1414 824 1565 866 essent,

208 892 352 920 eorum
377 879 547 919 nomina
572 879 625 920 ad
651 894 695 920 se
717 879 951 920 ederentur.
989 879 1211 920 missorum
1231 894 1398 934 quoque
1419 894 1565 921 causas

207 957 299 983 sese
332 942 571 996 cognituros
603 957 711 991 esse,
750 950 791 983 et
827 956 1005 995 quorum
1036 950 1132 983 ante
1158 942 1330 984 emerita
1360 942 1568 997 stipendia

207 1003 392 1058 gratiosa
423 1003 566 1044 missio
593 1004 671 1044 sibi
696 1004 786 1045 visa
812 1011 940 1053 esset,
975 1019 1045 1046 eos
1077 1005 1228 1046 milites
1254 1005 1342 1046 fieri
1366 1005 1566 1046 iussuros.

209 1066 289 1106 hoc
320 1066 455 1107 edicto
487 1065 720 1119 litterisque
752 1081 973 1107 censorum
1005 1081 1080 1121 per
1104 1066 1196 1107 fora
1220 1074 1261 1108 et
1291 1066 1568 1108 conciliabula

209 1127 389 1169 dimissis
422 1136 538 1169 tanta
569 1128 792 1169 multitudo
823 1128 1033 1169 iuniorum
1058 1129 1238 1170 Romam
1270 1129 1484 1177 convenit,
1521 1136 1567 1169 ut.

208 1190 349 1245 gravis
374 1190 470 1230 urbi
494 1191 617 1230 turba
641 1190 808 1230 insolita
833 1199 955 1231 esset.

294 1253 396 1295 XV.
434 1253 609 1293 Praeter
633 1253 832 1294 dilectum
852 1268 1010 1301 eorum,
1037 1268 1142 1307 quos
1166 1253 1209 1294 in
1231 1255 1568 1309 supplementum

210 1315 317 1356 mitti
343 1315 578 1370 oportebat,
610 1322 808 1368 quattuor
833 1331 858 1357 a
884 1313 933 1355 C.
962 1314 1149 1369 Sulpicio
1174 1324 1365 1369 praetore
1391 1316 1568 1370 scriptae

207 1377 394 1432 legiones
416 1384 524 1425 sunt,
538 1377 730 1431 intraque
751 1377 946 1418 undecim
967 1377 1054 1418 dies
1070 1378 1244 1418 dilectus
1259 1385 1322 1418 est
1343 1378 1567 1432 perfectus.

209 1440 400 1480 consules
438 1439 588 1480 deinde
626 1439 759 1480 sortiti
795 1439 1032 1494 provincias
1069 1447 1185 1488 sunt3
1221 1455 1320 1480 nam
1356 1448 1568 1493 praetores

208 1508 378 1556 propter
408 1501 738 1542 iurisdictionem
762 1501 966 1542 maturius
993 1501 1126 1542 sortiti
1151 1509 1281 1542 erant.
1330 1501 1492 1542 urbana
1518 1500 1569 1542 C.

211 1563 412 1618 Sulpicio,
439 1564 660 1618 peregrina
687 1562 737 1604 C.
761 1564 956 1604 Decimio
983 1563 1205 1618 obtigerat,
1231 1563 1485 1618 Hispaniam
1505 1564 1569 1604 M.

211 1624 416 1667 Claudius
454 1626 703 1675 Marcellus,
743 1625 929 1667 Siciliam
963 1625 1054 1668 Ser.
1088 1624 1310 1666 Cornelius
1348 1626 1569 1674 Lentulus,

212 1688 450 1731 Sardiniam
475 1688 525 1728 P.
546 1688 747 1730 Fonteius
769 1687 937 1743 Capito,
964 1689 1140 1730 classem
1162 1687 1212 1729 C.
1227 1688 1416 1729 Marcius
1438 1689 1475 1728 F
1477 1689 1572 1743 igu-

211 1751 275 1792 lus
302 1758 390 1792 erat
415 1751 596 1792 sortitus.
635 1752 856 1792 consulum
877 1750 957 1792 Cn.
975 1750 1154 1793 Servilio
1175 1750 1311 1799 Italia,
1338 1749 1392 1802 Q.
1407 1750 1571 1791 Marcio

212 1813 465 1854 Macedonia
489 1813 670 1854 obvenit.
731 1813 981 1867 Latinisque
1014 1814 1116 1855 actis
1142 1813 1332 1854 Blarcius
1363 1814 1572 1867 extemplo

213 1883 275 1916 est
311 1874 536 1929 profectus
599 1874 813 1930 Caepione
846 1876 997 1917 deinde
1033 1876 1240 1917 referente
1278 1876 1331 1916 ad
1368 1884 1571 1924 senatum,

214 1952 319 1989 quas
345 1952 397 1977 ex
421 1936 540 1977 novis
565 1937 800 1991 legionibus
827 1938 930 1979 duas
956 1939 1142 1993 legiones
1163 1954 1305 1979 secum
1330 1938 1373 1978 in
1388 1937 1572 1979 Galliam

216 2000 406 2046 duceret,
433 1999 656 2040 decrevere
681 2007 840 2054 patrCS,
866 2009 913 2041 ut
940 1999 990 2041 C.
1019 2000 1250 2054 Sulpicius,
1276 2001 1340 2040 M.
1369 1999 1573 2041 Claudius

215 2070 427 2116 praetores
453 2076 504 2102 ex
529 2061 592 2101 his
618 2076 721 2115 quas
749 2063 1007 2116 scripsissent
1034 2062 1289 2117 legionibus,
1327 2077 1431 2115 quas
1457 2062 1574 2103 vide-

216 2134 343 2173 retur,
370 2125 531 2165 consuli
557 2125 717 2166 darent.
754 2125 925 2179 indigne
950 2125 1113 2180 patiens
1137 2132 1377 2179 praetorum
1403 2124 1574 2165 arbitrio

218 2188 432 2228 consulem
464 2187 719 2235 subiectum,
758 2187 928 2228 dimisso
954 2194 1101 2228 senatu
1127 2187 1180 2227 ad
1205 2187 1387 2227 tribunal
1412 2195 1576 2241 praeto-

218 2265 310 2290 rum
337 2259 449 2290 stans
475 2250 714 2304 postulavit,
741 2265 793 2290 ex
819 2258 987 2291 senatus
1008 2250 1197 2290 consulto
1218 2249 1472 2290 destinarent
1498 2249 1577 2289 sibi

220 2312 323 2352 duas
356 2312 554 2366 legiones.
614 2320 828 2366 praetores
854 2312 1034 2353 consulis
1065 2312 1108 2352 in
1133 2311 1326 2366 eligendo
1359 2312 1574 2352 arbitrium

220 2375 422 2415 fecerunt.

308 2436 511 2478 Senatum
538 2436 687 2477 deinde
714 2451 906 2478 censores
931 2438 1122 2491 legerunt
1132 2452 1142 2485 3
1168 2436 1232 2477 M.
1258 2436 1466 2477 Aemilius
1492 2436 1577 2477 Le-

221 2499 343 2554 pidus
368 2499 561 2553 princeps
593 2499 646 2539 ab
673 2499 803 2540 tertiis
828 2499 911 2540 iam
937 2498 1178 2540 censoribus
1210 2499 1356 2539 lectus.
1418 2506 1578 2552 septem

223 2578 244 2602 e
270 2570 417 2603 senatu
443 2561 563 2602 eiecti
594 2568 701 2602 sunt.
762 2561 805 2602 in
831 2576 958 2603 censu
985 2560 1226 2615 accipiendo
1258 2560 1401 2614 populi
1426 2560 1576 2601 milites

224 2640 273 2665 ex
310 2623 586 2664 Macedonico
626 2623 828 2673 exercitu,
866 2623 937 2678 qui
973 2638 1100 2677 quam
1137 2623 1256 2663 multi
1294 2622 1488 2663 abessent
1525 2623 1578 2663 ab

1310 2688 1353 2721 T*

1595 1078 1635 1108 10

1595 1456 1612 1482 t:-

1603 2448 1620 2477 6

1604 2574 1620 2602 7
