1804 2926
219 420 237 447 [ὗ

219 1165 237 1194 6

221 1290 236 1318 7

224 2283 241 2311 [ὗ

263 165 317 206 58
536 170 690 205 LIBER
713 170 922 215 XXXXII,
950 171 992 204 37
1026 171 1079 204 33.
1107 173 1158 212 [a.
1174 181 1208 203 u⁴
1224 181 1253 204 e.
1269 170 1351 213 583]

264 279 306 319 in
333 275 558 318 Graeciam
588 274 724 323 missi,
759 273 988 328 Corcyram
1018 274 1205 328 peditum
1238 273 1350 314 mille
1376 289 1515 316 secum
1549 275 1618 316 ad-

266 346 488 386 vexerunt3
527 336 585 377 ibi
616 336 723 377 inter
755 352 798 377 se
836 345 877 377 et
913 337 1104 391 regi0nes
1142 350 1246 389 quas
1276 335 1437 377 obirent
1475 345 1515 378 et
1545 337 1621 378 mi-

264 403 354 443 lites
392 400 635 441 diviserunt.
706 398 759 438 L.
786 398 1008 440 Decimius
1046 398 1197 438 missus
1230 404 1292 438 est
1328 398 1381 438 ad
1419 397 1620 439 Gentium

264 479 406 518 regem
444 462 702 516 Illyriorum,
751 475 876 514 quem
917 461 950 501 si
987 461 1169 514 aliquem
1206 468 1442 515 respectum
1480 462 1622 504 amiei—

264 528 345 568 tiae
377 542 474 568 eum
505 525 659 566 habere
692 532 898 574 cerneret,
935 532 1158 566 retentaret
1193 534 1262 565 aut
1289 525 1412 566 etiam
1439 526 1491 566 ad
1524 525 1621 566 belli

265 591 505 631 societatem
537 588 755 643 perliceret
780 586 970 642 (iussus).
1030 587 1202 628 Lentuli
1232 587 1274 628 in
1301 586 1622 643 Cephallaniam

263 653 396 701 missi,
431 660 478 692 ut
509 651 552 691 in
577 650 917 705 Peloponnesum
943 650 1166 690 traicerent
1192 664 1393 704 oramque
1421 651 1548 691 maris
1580 650 1623 690 in

265 715 523 756 occidentem
559 713 667 754 versi
705 720 801 753 ante
837 712 1018 753 hiemem
1049 712 1326 752 circumirent.
1386 713 1551 753 *Marcio
1583 720 1624 753 et

263 777 395 817 Atilio
416 776 585 830 Epirus,
606 775 788 823 Aetolia,
814 774 1035 815 Thessalia
1055 774 1377 815 circumeundae
1398 775 1623 829 adsignan-

263 846 350 887 tur3
388 839 484 878 inde
510 837 730 878 Boeotiam
757 846 882 890 atque
907 836 1129 876 Euboeam
1155 836 1341 890 aspicere
1373 837 1494 886 iussi,
1531 846 1620 877 tum

263 900 305 940 in
329 900 670 954 Peloponnesum
697 898 890 946 traicere3
916 898 974 937 ibi
1001 912 1298 951 congressuros
1325 913 1367 939 se
1393 913 1489 939 eum
1508 899 1623 939 Len-

263 963 359 1003 tulis
396 962 665 1002 constituunt.
733 960 978 1015 priusquam
1010 959 1328 1013 digrederentur
1364 975 1388 1000 a
1420 958 1621 1014 Corcyra,

262 1025 423 1065 litterae
439 1023 504 1079 [a]
531 1023 688 1064 Perseo
714 1023 878 1063 adlatae
905 1029 1019 1070 sunt,
1057 1022 1210 1075 quibus
1236 1022 1483 1075 quaerebat,
1514 1037 1623 1076 quae

264 1102 391 1128 eausa
427 1086 630 1127 Romanis
667 1093 739 1126 aut
775 1085 818 1125 in
856 1084 1083 1126 Graeciam
1120 1084 1338 1125 traiciendi
1375 1085 1515 1140 copias
1552 1095 1623 1126 aut

263 1150 389 1190 urbes
414 1149 649 1204 occupandi
675 1156 796 1189 esset.
858 1148 926 1189 cui
950 1147 1123 1188 rescribi
1154 1162 1238 1188 non
1268 1149 1445 1202 placuit,
1477 1149 1623 1189 nuntio

262 1213 393 1267 ipsius
420 1212 491 1265 qui
521 1211 680 1251 litteras
705 1211 899 1251 attulerat
926 1210 1025 1259 diei,
1057 1210 1255 1264 praesidii
1281 1225 1408 1251 causa
1438 1211 1624 1265 ipsarum

266 1275 432 1315 urbium
458 1273 672 1314 Romanos
698 1273 848 1314 facere.
887 1272 1058 1314 Lentuli
1084 1272 1389 1314 circumeuntes
1414 1273 1626 1328 Pelopon-

264 1337 352 1378 nesi
378 1336 554 1391 oppida‚
588 1351 683 1377 cum
709 1336 798 1377 sine
825 1336 1063 1378 discrimine
1089 1350 1233 1377 onmes
1259 1337 1448 1377 civitates
1474 1337 1624 1378 adhor—

265 1407 470 1447 tarentur,
508 1406 554 1439 ut
585 1413 668 1452 quo
703 1399 860 1447 animo,
899 1413 982 1452 qua
1012 1399 1093 1440 fide
1125 1399 1384 1440 adiuvissent.
1409 1399 1622 1440 Romanos

265 1461 450 1515 Philippi
475 1461 669 1514 primum,
696 1461 846 1501 deinde
872 1461 1073 1501 Antiochi
1098 1461 1222 1510 bello,
1249 1462 1395 1502 eodem
1422 1462 1621 1503 adversus

266 1525 423 1565 Persea
449 1524 661 1572 iuvarent,
684 1524 878 1564 fremitus
904 1524 947 1564 in
973 1524 1236 1565 contionibus
1262 1524 1418 1564 fiebant
1439 1524 1623 1565 Achaeis

265 1586 580 1641 indignantibus
607 1586 754 1626 eodem
781 1602 823 1626 se
848 1586 940 1626 Ioco
966 1601 1073 1634 esse,
1100 1586 1170 1639 qui
1197 1586 1337 1627 omnia
1362 1602 1386 1627 a
1410 1587 1623 1641 principiis

264 1649 531 1690 Blacedoniei
564 1648 659 1689 belli
691 1649 993 1703 praestitissent
1025 1648 1246 1696 Romanis,
1280 1647 1404 1703 [quo]
1437 1649 1625 1690 BIesseni

267 1719 391 1764 atque
418 1710 520 1759 Elii,
548 1709 661 1765 [qui]
689 1718 729 1751 et
746 1710 994 1751 Macedonis
1013 1710 1198 1765 Philippi
1224 1711 1333 1751 bello
1358 1711 1497 1752 hostes
1523 1712 1626 1752 fuis-

267 1782 356 1814 sent
384 1772 605 1827 [Romauis
639 1771 699 1827 et]
732 1787 806 1826 pro
838 1772 1051 1813 Antiocho
1088 1780 1232 1827 postea
1271 1788 1387 1813 arma
1423 1774 1624 1814 adversus

266 1836 469 1890 populum
489 1835 729 1876 Romanum
754 1835 945 1875 tulissent
971 1850 1019 1875 ac
1045 1850 1180 1889 nuper
1204 1835 1245 1875 in
1264 1835 1501 1875 Achaicum
1527 1851 1625 1876 con-

266 1897 411 1937 tributi
459 1897 682 1938 concilium
730 1897 843 1937 velut
892 1897 1124 1951 praemium
1168 1897 1268 1938 belli
1309 1912 1352 1938 se
1396 1897 1624 1939 victoribus

267 1960 451 2001 Achaeis
478 1960 585 2000 tradi
612 1968 896 2013 quererentur.

351 2022 622 2063 XXXVIII.
659 2022 849 2063 hlarcius
871 2030 909 2063 et
924 2022 1081 2062 Atilius
1103 2022 1156 2062 ad
1172 2021 1350 2063 Gitanas
1371 2022 1490 2077 Epiri
1509 2023 1625 2077 oppi-

268 2085 368 2125 dum
405 2085 550 2125 deeem
592 2084 705 2125 milia
743 2083 808 2140 [a]
846 2084 951 2125 mari
989 2100 1081 2125 eum
1122 2085 1412 2133 escenderent,
1451 2086 1625 2126 concilio

268 2143 540 2201 Epirotarum
572 2147 716 2188 habito
748 2162 844 2188 cum
875 2162 1030 2202 magno
1064 2147 1251 2187 omnium
1282 2148 1463 2188 adsensu
1495 2148 1625 2188 auditi

268 2217 363 2249 sunt
397 2217 435 2249 et
468 2209 796 2263 quadringentos
833 2209 1062 2250 iuventutis
1096 2224 1240 2250 eorum
1271 2210 1314 2250 in
1347 2208 1542 2257 Orestas,
1580 2217 1624 2249 ut

268 2271 474 2324 praesidio
496 2280 630 2312 essent
652 2272 836 2313 liberatis
858 2273 911 2312 ab
931 2272 1252 2321 Macedonibus,
1277 2272 1492 2312 miserunt.
1529 2272 1625 2312 inde

268 2333 309 2372 in
335 2333 547 2373 Aetoliam
572 2335 783 2388 progressi
808 2349 857 2375 ac
880 2349 1037 2389 paucos
1062 2335 1119 2374 ibi
1146 2335 1293 2375 morati
1319 2334 1427 2383 dies,
1458 2334 1558 2374 dum
1582 2334 1625 2374 in

268 2395 470 2448 praetoris
513 2397 664 2436 mortni
706 2397 844 2437 locum
888 2397 993 2437 alius
1037 2397 1318 2445 sufficeretur,
1368 2404 1409 2437 et
1443 2395 1625 2450 Lycisco

270 2464 459 2509 praetore
484 2457 609 2505 facto,
636 2472 759 2510 quem
780 2459 1066 2499 Romanorum
1092 2459 1234 2500 favere
1254 2459 1379 2500 rebus
1405 2459 1502 2499 satis
1528 2473 1626 2499 con-

270 2527 435 2571 pertum
461 2526 561 2563 erat,
588 2519 839 2560 transierunt
864 2521 907 2560 iu
932 2521 1208 2561 Thessaliam.
1264 2536 1312 2562 eo
1338 2521 1464 2575 legati
1490 2521 1625 2561 Acar-

227 2592 244 2621 3
270 2594 425 2619 nanum
451 2586 488 2620 Of
517 2580 771 2620 Boeotorum
803 2583 945 2623 CXUICS
971 2591 1187 2624 VCDCI'UHi.
1248 2583 1494 2624 *Acarnanes
1518 2597 1623 2622 nun-

270 2641 372 2681 tiare
397 2641 510 2687 iussi,
537 2655 644 2694 quac
665 2641 850 2697 Philippi
876 2643 1070 2697 primum,
1098 2644 1299 2685 Antiochi
1325 2644 1473 2685 deinde
1499 2643 1621 2689 bello,
