1804 2926
377 158 664 194 PERIOCHAE
691 155 957 193 LIBRORUM
981 154 1120 189 XLVI.
1144 155 1303 191 XLVu.
1442 146 1521 188 197

211 564 542 609 LIBRORUM
565 563 775 608 XLVI*
794 562 1078 608 CXXXXII
1102 564 1479 608 PERIOCHAE.

720 701 769 726 Ex
782 701 854 726 LIB.
868 702 968 727 XLVI.

233 746 417 780 Eumenes
447 756 509 779 rex
537 744 692 779 Romam
723 746 840 789 venit,
872 746 934 790 qui
965 745 1207 781 Macedonico
1237 746 1337 780 bello
1366 745 1526 779 medium

167 796 306 838 egerat.
344 802 390 825 ne
412 795 474 825 aut
498 791 613 824 hostis
638 791 821 824 iudicatus
845 791 1048 834 videretur,
1075 792 1105 825 si
1130 792 1297 826 exclusus
1323 796 1434 834 esset,
1462 795 1527 824 aut

167 838 344 871 liberatus
365 837 530 879 crimine,
552 835 581 868 si
605 836 876 879 admitteretur,
898 837 934 869 in
949 847 1139 871 commune
1154 838 1211 870 lex
1225 837 1301 870 lata
1315 841 1386 879 est,
1408 847 1453 870 ne
1468 836 1527 869 cui

166 882 246 928 regi
271 881 427 915 Romam
456 882 580 915 venire
605 881 744 915 liceret.
792 881 969 915 Claudius
994 881 1193 915 Marcellus
1218 882 1345 916 consul
1368 881 1527 926 Alpinos

168 927 311 970 Gallos,
333 927 372 961 C.
390 926 572 971 Sulpicius
588 925 719 960 Gallus
735 927 862 960 consul
875 927 1032 972 Ligures
1048 927 1205 972 subegit.
1242 926 1358 973 legati
1371 926 1526 960 Prusiae

168 972 266 1018 regis
281 972 400 1016 questi
414 976 498 1005 sunt
511 972 555 1005 de
570 971 747 1015 Eumene,
764 972 860 1016 quod
874 971 966 1006 fines
980 983 1064 1005 suos
1077 972 1327 1017 popularetur,
1343 972 1526 1006 dixerunt-

168 1029 239 1062 que
265 1028 347 1051 eum
365 1017 593 1061 conspirasse
615 1027 694 1050 cum
716 1017 900 1051 Antiocho
921 1018 1093 1051 adversus
1113 1018 1289 1061 populum
1307 1017 1525 1051 Romanum.

168 1062 325 1096 societas
339 1073 421 1095 eum
434 1061 576 1095 Rhodis
590 1061 874 1105 deprecantibus
887 1063 1012 1096 iuncta
1031 1067 1097 1097 est.
1112 1063 1265 1096 lustrum
1280 1074 1302 1096 a
1315 1062 1527 1097 censoribus

168 1108 355 1141 conditum
369 1111 440 1141 est:
460 1117 571 1140 censa
584 1111 669 1140 sunt
682 1107 814 1140 civium
828 1108 951 1151 capita
964 1112 1129 1142 trecenta
1142 1108 1296 1153 triginta
1309 1112 1448 1151 septem
1461 1107 1527 1140 mi-

168 1153 218 1187 lia
230 1152 361 1197 viginti
374 1152 457 1195 duo,
478 1151 649 1196 princeps
663 1156 812 1185 senatus
825 1152 874 1185 M.
888 1152 1069 1186 Aemilius
1082 1153 1260 1196 Lepidus,
1291 1152 1528 1186 Ptolemaeus

168 1198 333 1242 Aegypti
353 1208 432 1240 rex,
454 1197 581 1241 pulsus
601 1208 716 1242 regno
738 1208 759 1230 a
772 1197 912 1231 minore
932 1198 1063 1240 fratre,
1084 1198 1204 1231 missis
1224 1198 1272 1231 ad
1291 1208 1373 1232 eum
1393 1197 1527 1242 legatis

167 1247 359 1277 restitutus
385 1246 451 1276 est.
499 1242 713 1284 Ariarathe,
741 1242 1002 1286 Cappadociae
1027 1254 1133 1288 rege,
1160 1247 1301 1276 mortuo
1326 1242 1424 1275 filius
1449 1243 1527 1276 eius

167 1287 382 1321 Ariarathes
402 1298 556 1332 regnum
576 1287 720 1330 accepit
740 1290 776 1320 et
796 1286 996 1321 amicitiam
1016 1298 1098 1321 cum
1117 1288 1254 1331 populo
1274 1287 1442 1321 Romano
1462 1299 1529 1332 per

168 1333 312 1378 legatos
336 1331 536 1366 renovavit.
585 1343 643 1365 res
667 1335 863 1375 praeterea
888 1332 1062 1366 adversus
1086 1332 1245 1377 Ligures
1271 1337 1308 1367 et
1334 1332 1465 1367 Corsos
1491 1336 1529 1366 et

149 1378 366 1413 >Lusitanos
378 1377 478 1411 vario
493 1380 625 1410 eventu
639 1380 762 1421 gestas
777 1380 814 1410 et
826 1381 945 1409 motus
960 1376 1090 1421 Syriae
1103 1381 1245 1411 mortuo
1253 1378 1450 1421 Antiocho,
1465 1377 1528 1421 qui

167 1423 283 1456 filium
308 1421 531 1456 Antiochum
555 1432 709 1466 puerum
735 1421 931 1454 admodum
956 1422 1174 1466 reliquerat,
1207 1422 1381 1456 continet.
1430 1423 1529 1456 hunc

166 1468 389 1501 Antiochum
407 1478 560 1511 puerum
581 1477 662 1500 cum
676 1466 792 1511 Lysia
803 1470 922 1500 tutore
936 1466 1147 1501 Demetrius
1163 1467 1309 1501 Seleuci
1328 1466 1444 1509 filius,
1466 1468 1528 1511 qui

165 1513 305 1547 Romae
330 1513 437 1546 obses
462 1511 600 1554 fuerat,
634 1512 745 1554 clam,
779 1511 866 1556 quia
895 1522 969 1545 non
995 1511 1250 1546 dimittebatur
1274 1523 1296 1545 a
1319 1511 1527 1554 Romasnis,

166 1559 331 1602 elapsus]
346 1557 543 1599 interemit,
559 1557 685 1601 etipse
700 1557 736 1590 in
749 1567 903 1602 regnum
918 1562 1098 1601 receptus
1123 1557 1167 1590 L.
1182 1556 1362 1591 Aemilius
1375 1557 1527 1600 Paulus,

166 1606 228 1648 qui
242 1603 381 1637 Persen
399 1602 549 1645 vicerat,
571 1606 745 1635 mortuus.
784 1603 886 1636 cuius
905 1606 1011 1636 tanta
1031 1602 1257 1637 abstinentia
1270 1602 1351 1645 fuit,
1372 1606 1424 1645 ut,
1446 1613 1529 1636 cum

166 1661 211 1683 ex
233 1648 419 1692 Hispania
443 1651 479 1682 ct
506 1659 549 1682 ex
575 1647 794 1681 Macedonia
817 1647 1014 1682 immensas
1045 1658 1134 1691 opes
1164 1647 1368 1690 retulisset,
1401 1648 1460 1681 vix
1485 1659 1529 1682 ex

167 1693 337 1728 auctione
352 1694 429 1727 eius
443 1693 633 1727 redactum
647 1692 705 1735 sit,
719 1693 817 1727 unde
831 1693 933 1726 uxori
949 1694 1026 1727 eius
1041 1693 1106 1726 dos
1120 1692 1332 1727 solveretur.
1364 1693 1527 1737 Pompti-

166 1751 237 1774 nae
250 1738 406 1783 paludes
421 1749 443 1772 a
455 1737 624 1772 Cornelio
640 1737 804 1783 Cethego
819 1738 987 1782 consule,
1008 1738 1068 1772 cui
1082 1749 1126 1773 ea
1137 1738 1329 1783 provincia
1342 1742 1527 1780 evenerat,

167 1784 340 1828 siccatae,
355 1794 517 1829 agerque
532 1783 631 1818 exiis
645 1783 778 1818 factus.

718 1837 771 1861 Ex
783 1837 856 1861 ΜΒ.
870 1836 983 1862 XLVII.

236 1874 304 1910 Cn.
324 1873 523 1909 Tremellio
543 1875 705 1919 praetori
724 1875 842 1909 multa
861 1875 961 1909 dicta
981 1878 1053 1918 est,
1080 1874 1179 1920 quod
1198 1885 1281 1909 cum
1300 1874 1350 1908 M.
1369 1873 1529 1909 Aemilio

167 1920 312 1965 Lepido
326 1918 500 1964 pontifice
514 1920 669 1953 maximo
684 1920 856 1954 iniuriose
871 1921 1129 1963 contenderat,
1145 1931 1404 1964 sacrorumque
1419 1930 1530 1963 quam

167 1965 450 2010 magistratuum
473 1963 529 1998 ius
553 1965 740 2008 potentius
763 1965 844 1998 fuit.
882 1965 941 1998 lex
965 1965 1010 1999 de
1038 1965 1178 1999 ambitu
1203 1965 1291 1998 lata.
1334 1966 1487 1998 lustrum
1507 1967 1533 1997 a

170 2010 383 2045 censoribus
402 2009 589 2043 conditum
609 2013 680 2042 est:
707 2020 818 2043 censa
837 2013 921 2043 sunt
934 2010 1066 2043 civium
1080 2010 1205 2053 capita
1217 2014 1385 2043 trecenta
1398 2008 1529 2054 viginti

169 2060 252 2089 octo
277 2056 378 2088 milia
398 2058 565 2088 trecenta
577 2054 747 2097 sedecim,
774 2054 944 2098 princeps
961 2056 1145 2097 [senatus]
1159 2057 1333 2097 sex[tum]
1350 2053 1530 2088 Aemilius

169 2099 345 2145 Lepidus.
383 2099 477 2134 inter
490 2099 723 2134 Ptolemaeos
743 2099 888 2142 fratres,
910 2100 973 2143 qui
991 2099 1232 2142 dissidebant,
1254 2099 1384 2132 foedus
1403 2098 1528 2141 ictum,

169 2150 211 2180 ut
224 2146 318 2179 alter
329 2145 518 2190 Aegypto,
535 2145 628 2179 alter
641 2144 794 2189 Cyrenis
808 2148 991 2190 regnaret.
1023 2144 1252 2187 Ariarathes,
1269 2143 1529 2188 Cappadociae

170 2203 243 2233 retr,
264 2190 418 2225 consilio
432 2189 599 2224 Demetri
614 2188 743 2234 Syriae
757 2190 855 2235 regis
869 2194 906 2224 et
918 2189 1055 2223 viribus
1068 2189 1195 2233 pulsus
1209 2200 1336 2234 regno,
1358 2200 1380 2222 a
1399 2192 1531 2222 senatu

170 2237 360 2270 restitutus
381 2239 446 2270 est.
484 2234 585 2268 missi
605 2246 628 2269 a
646 2238 778 2269 senatu
798 2235 860 2279 qui
878 2235 973 2269 inter
986 2234 1220 2268 Masinissam
1239 2239 1277 2268 et
1296 2233 1530 2279 Carthagini—

171 2292 278 2316 enses
303 2281 349 2315 de
375 2291 465 2326 agro
489 2280 706 2314 iudicarent.
744 2280 784 2314 C.
805 2280 964 2314 Marcius
990 2280 1118 2313 consul
1142 2280 1315 2313 adversus
1334 2278 1530 2312 Dalmatas

171 2327 327 2371 primum
351 2337 481 2370 parum
505 2336 699 2370 prospere,
730 2329 862 2369 postea
886 2324 1045 2359 feliciter
1068 2324 1266 2370 pugnavit3
1292 2336 1374 2358 cum
1399 2323 1530 2368 quibus

172 2372 270 2406 bello
289 2370 512 2416 confligendi
532 2382 646 2404 causa
664 2370 751 2413 fuit,
774 2371 869 2414 quod
889 2370 1053 2415 Illyrios,
1075 2370 1192 2403 socios
1212 2369 1339 2414 populi
1359 2368 1525 2411 Romani,

171 2420 426 2458 vastaverant,
452 2416 680 2459 eandemque
700 2420 849 2460 gentem
867 2415 1058 2449 Cornelius
1077 2415 1214 2449 Nasica
1233 2415 1360 2448 consul
1380 2414 1529 2448 domuit.

173 2462 215 2502 Q.
233 2460 396 2505 Opimius
412 2461 539 2494 consul
554 2460 819 2504 Transalpinos
834 2460 1002 2506 Ligures,
1018 2460 1079 2504 qui
1094 2460 1379 2494 Massiliensium
1393 2460 1531 2505 oppida.

172 2506 376 2551 Antipolim
391 2509 428 2539 et
440 2505 617 2540 Nicaeam
629 2506 845 2548 vastabant,
866 2505 1024 2551 subegit.
1060 2510 1255 2550 praeterea
1273 2516 1331 2539 res
1344 2505 1382 2538 in
1395 2505 1531 2549 Hispa-

172 2553 236 2586 nia
255 2563 277 2585 a
295 2551 532 2596 conpluribus
551 2563 679 2596 parum
699 2562 873 2596 prospere
894 2557 1019 2596 gestas
1039 2551 1214 2585 continet.
1252 2551 1418 2585 consules
1433 2562 1530 2584 anno

174 2597 466 2641 quingentesimo
491 2597 731 2641 nonagesimo
756 2600 886 2630 octavo
912 2597 959 2630 ab
984 2596 1075 2631 urbe
1101 2597 1250 2631 condita
1274 2596 1531 2641 magistratum

174 2651 267 2691 [kal.
294 2644 390 2687 lan]
423 2642 514 2677 inire
545 2646 757 2687 coeperunt.
806 2641 975 2676 mutandi
999 2642 1148 2676 comitia
1173 2653 1286 2676 causa
1310 2642 1398 2685 fuit,
1433 2641 1531 2686 quod
