1804 2926
504 164 656 199 LIBER
681 163 908 209 XXXXIH,
936 165 965 197 1.
995 163 1195 208 [a.c.171]
1473 155 1525 196 87

503 534 777 581 [PERIOCHA
801 535 941 569 LIBRI
966 536 1206 578 XXXXIIL]

243 628 456 669 [Praetores
477 625 629 670 aliquot,
658 635 700 659 eo
721 626 818 669 quod
840 637 949 660 avare
971 630 1007 660 et
1026 626 1223 661 crudeliter
1242 626 1448 670 provincias
1469 626 1530 659 ad-

176 679 442 722 ministrarant,
471 677 635 711 damnati
655 681 749 710 sunt.
798 677 840 711 P.
861 677 1028 711 Lieinius
1048 677 1201 712 Crassus
1226 677 1421 722 proconsul
1447 688 1531 710 con-

174 730 298 774 plures
316 730 353 763 in
374 728 534 763 Graecia
553 728 663 762 urbes
682 728 908 773 expugnavit
929 732 966 762 et
990 728 1188 763 crudeliter
1210 728 1401 772 corripuit3
1429 727 1475 761 ob
1496 727 1533 760 id

175 780 321 825 captivi,
349 780 409 824 qui
425 779 471 813 ab
487 790 530 813 eo
546 779 613 813 sub
628 790 764 813 corona
777 779 977 822 venierant,
1005 790 1047 813 ex
1061 783 1209 813 senatus
1223 779 1390 813 consulto
1404 782 1534 822 postea

174 831 334 865 restituti
348 835 441 864 sunt.
491 831 579 864 item
594 841 615 863 a
634 829 832 874 praefectis
847 829 1019 863 classium
1032 830 1281 864 Romanarum
1295 829 1411 863 multa
1429 830 1532 873 inpo-

174 886 296 916 tenter
314 882 352 914 in
373 881 490 916 socios
511 881 623 914 faeta.
671 892 728 915 res
748 884 944 925 praeterea
957 892 978 914 a
992 881 1104 915 Perse
1118 892 1205 926 rege
1219 880 1257 914 in
1272 879 1434 914 Thracia
1451 890 1532 924 pro-

174 944 279 977 spere
305 936 428 977 gestas
455 931 635 975 continet,
661 931 766 965 victis
790 931 977 965 Dardanis
1004 936 1041 966 et
1068 932 1214 976 Illyria,
1242 932 1343 965 cuius
1366 942 1430 965 rex
1455 935 1534 965 erat

176 981 344 1017 Gentius.
404 987 539 1025 motus,
568 982 630 1026 qui
655 981 692 1015 in
718 982 902 1026 Hispania
930 982 976 1016 ab
1004 981 1158 1016 Olonico
1184 983 1304 1016 faetus
1330 985 1427 1025 erat,
1454 981 1533 1026 ipso

175 1034 395 1078 interempto
417 1034 593 1068 consedit.
642 1032 692 1067 M.
705 1033 885 1068 Aemilius
905 1033 1070 1078 Lepidus
1091 1046 1112 1068 a
1131 1033 1343 1068 censoribus
1361 1034 1534 1078 princeps

176 1085 213 1118 in
227 1090 358 1119 senatu
371 1085 516 1127 lectus]

641 1265 826 1317 ΤΙΤΙ
864 1266 1060 1317 LIVI

547 1358 626 1394 AB
663 1358 826 1395 VRBE
865 1357 1158 1396 CONDITA

656 1470 809 1503 LIBER
834 1470 1058 1504 XXXXHI.

258 1575 293 1615 I.
330 1573 494 1615 Eadem
520 1580 691 1622 aestate,
717 1587 801 1626 qua
827 1574 870 1614 in
884 1573 1104 1615 Thessalia
1131 1572 1255 1628 [haee
1279 1582 1399 1629 gesta
1424 1582 1532 1621 sunt,
1566 1594 1575 1617 l

176 1635 230 1688 Q.
256 1635 448 1690 Mucius]
473 1637 637 1690 legatus
670 1636 713 1676 in
738 1636 955 1690 Illyricum
981 1652 1005 1676 a
1030 1636 1200 1677 consule
1232 1636 1401 1685 missus,
1432 1651 1536 1690 opu-

174 1699 287 1739 lenta
306 1699 389 1739 duo
408 1699 562 1753 oppida
584 1698 857 1753 oppugnavit.
895 1697 1171 1750 †Ceremia1n
1191 1699 1232 1739 vi
1258 1706 1383 1752 atque
1410 1698 1534 1739 armis

176 1760 313 1814 coegit
335 1761 379 1801 in
404 1760 680 1808 deditionem;
713 1760 937 1813 omniaque
961 1762 995 1801 is
1023 1775 1099 1801 sua
1125 1761 1348 1809 concessit,
1375 1768 1422 1801 ut
1446 1760 1535 1815 opi-
1562 1777 1579 1803 z

177 1822 299 1862 nione
337 1822 581 1863 elementiae
625 1837 696 1863 eos
733 1823 805 1875 qui
845 1821 1106 1864 Carnuntem
1148 1823 1352 1863 munitam
1388 1822 1536 1863 urbem

178 1883 414 1923 incolebant
444 1883 654 1925 adliceret.
715 1892 939 1938 postquam
970 1899 1048 1926 neo
1072 1892 1120 1925 ut
1145 1884 1344 1926 dederent
1369 1899 1413 1925 se
1439 1899 1536 1924 con·
1562 1900 1580 1927 3

179 1944 333 1999 pellere
358 1959 494 1997 neque
514 1959 662 1999 capere
682 1946 912 1999 opsidendo
939 1953 1115 2000 poterat,
1140 1961 1192 1987 ne
1214 1946 1377 1986 duabus
1403 1960 1537 1999 oppu-

179 2005 446 2061 gnationibus
471 2007 727 2060 nequiquam
752 2007 952 2061 fatigatus
978 2007 1096 2049 miles
1122 2015 1244 2056 esset,
1271 2021 1396 2060 quam
1421 2007 1536 2061 prius

180 2069 380 2109 intactam
404 2068 552 2109 urbem
578 2069 815 2121 reliquerat,
842 2068 1024 2123 diripuit.

264 2131 386 2171 Alter
411 2131 557 2171 consul
583 2128 633 2170 C.
662 2128 836 2171 Cassius
860 2145 938 2171 nee
962 2131 1006 2171 in
1032 2129 1187 2179 Gallia,
1213 2144 1340 2183 quam
1366 2129 1535 2170 sortitus
1561 2145 1581 2174 4

182 2200 288 2241 erat,
314 2192 584 2233 memorabile
618 2192 846 2245 quiequam
870 2192 1018 2246 gessit,
1050 2199 1091 2233 et
1121 2207 1195 2247 per
1219 2192 1436 2246 Illyricum
1461 2192 1537 2232 du—

182 2268 275 2294 cere
306 2254 491 2307 legiones
522 2254 565 2294 in
589 2253 887 2295 Macedoniam
917 2268 1025 2294 vano
1056 2253 1222 2308 incepto
1254 2261 1316 2294 est
1348 2261 1536 2294 conatus.

182 2315 417 2369 ingressum
448 2315 527 2356 hoe
557 2316 635 2356 iter
666 2317 879 2357 consulem
918 2324 1085 2357 senatus
1117 2331 1168 2357 ex
1199 2316 1537 2369 Aquileiensium
1563 2332 1581 2360 5

182 2377 330 2431 legatis
356 2378 571 2431 cognovit,
603 2378 675 2431 qui
699 2386 920 2432 querentes
946 2379 1151 2420 coloniam
1176 2394 1295 2419 suam
1320 2393 1473 2419 novam
1498 2386 1539 2420 et

182 2440 389 2479 infirmam
421 2440 601 2480 necdum
632 2440 731 2481 satis
765 2440 969 2481 munitam
1001 2441 1109 2482 inter
1138 2440 1311 2482 infestas
1348 2441 1538 2482 nationes

184 2501 424 2541 Histrorum
456 2510 496 2542 et
527 2502 768 2556 Illyriorum
799 2517 888 2544 esse
920 2517 1015 2543 cum
1047 2510 1256 2558 peterent,
1293 2510 1340 2543 ut
1371 2510 1538 2544 senatus
1565 2517 1583 2546 6

184 2577 307 2603 curae
330 2563 514 2612 haberet,
535 2564 743 2617 quomodo
765 2579 814 2605 ea
834 2564 996 2606 colonia
1016 2566 1260 2613 muniretur,
1281 2564 1538 2619 interrogati,

185 2626 389 2667 vellentne
415 2642 506 2667 eam
531 2642 617 2668 rem
644 2625 694 2668 C.
722 2625 869 2668 Cassio
895 2628 1055 2669 consuli
1080 2628 1289 2677 mandari,
1315 2628 1539 2682 responde·
1567 2641 1583 2668 7
