1804 2926
181 168 266 210 244

204 279 289 303 aere
317 266 438 302 alieno
458 266 626 302 miseriae
651 268 770 312 plebis
794 269 827 312 5,
847 267 891 302 34

205 314 249 348 de
263 324 305 347 eo
326 313 383 347 lex
403 314 434 355 6,
450 313 505 356 35,
519 313 542 346 4
577 313 654 347 aeri
680 314 799 348 alieno
820 314 890 347 dis-

203 358 391 403 pensando
407 358 567 402 quinque
580 358 648 392 viri
661 360 774 393 creati
789 359 820 402 7,
835 359 890 402 21,

202 405 223 437 5
247 403 294 437 ob
315 414 377 437 aes
398 403 557 438 alienum
577 404 717 438 secedit
736 404 841 448 plebs
855 405 891 437 in

201 449 406 482 Ianiculum
427 448 469 482 P.
492 450 533 482 11
560 460 644 483 acre
665 449 787 484 alieno
807 449 890 483 civi—

200 498 257 528 tas
271 505 399 538 pressa
412 494 454 528 P.
470 494 523 527 74.

180 539 441 583 Aesculapium
454 539 678 573 Ambraciae
693 539 748 581 38,
764 539 796 583 5,
812 539 844 573 2.

177 584 422 629 Aesculapius
432 584 520 618 deus
535 584 730 619 arcessitus
737 584 890 618 Romam

201 630 248 663 ab
273 629 460 673 Epidauro
486 630 687 664 remedium
718 630 890 674 pestilen-

199 675 274 709 tiae
289 675 343 717 10,
357 675 412 717 47,
430 675 448 708 7
480 675 513 709 01
527 675 748 719 supplicatio
763 675 891 709 habita

199 720 287 754 ibid.
324 720 501 763 templum
521 720 758 754 constitutum
777 720 814 754 in
829 720 889 754 Ti—

199 765 296 799 beris
322 764 443 799 insula
462 765 503 798 P.
527 766 567 798 11
612 766 709 799 dona
733 770 819 800 vota
843 765 890 800 ob

198 810 449 854 pestilentiam
467 810 522 854 40,
544 811 599 854 37,
619 812 640 844 2
677 811 754 845 eius
780 811 890 846 aedes

200 855 428 900 Carthagine
453 856 508 897 41,
529 856 584 898 22,
606 856 627 888 2
648 855 694 890 cf.
713 856 769 899 42,
791 857 847 900 24,
869 857 890 890 3

200 901 278 934 eius
302 900 429 933 fanum
447 900 584 934 tabulis
609 901 718 944 pictis
738 912 888 935 exorna-

198 949 276 979 tum
290 945 345 987 43,
360 945 393 988 4,
410 946 429 978 7
467 945 545 979 eius
568 946 692 980 nobile
711 947 889 991 templum

198 990 379 1035 Epidauri
391 990 446 1032 45,
462 990 518 1033 28,
533 991 565 1023 3.

175 1035 356 1070 Aesernia
376 1035 520 1069 colonia
538 1035 579 1068 P.
595 1036 637 1069 16
676 1035 722 1069 ab
747 1035 889 1069 Italicis

198 1081 348 1115 obsessa
361 1080 404 1114 P.
421 1081 463 1114 72
495 1091 516 1114 a
531 1079 758 1115 Samnitibus
777 1081 820 1115 P.
835 1082 888 1115 73.

199 1138 221 1161 a
235 1125 339 1171 Sylla
352 1129 462 1170 capta
475 1125 517 1159 P.
533 1126 588 1159 89.

174 1170 371 1206 Aesernini
401 1170 512 1206 fidem
536 1171 713 1205 Romanis
743 1175 890 1205 servant

197 1218 253 1260 27,
270 1217 324 1259 10,
339 1217 360 1250 8
398 1228 488 1262 ager
504 1217 732 1251 Aeserninus
756 1218 810 1261 10,
832 1218 886 1261 31,

196 1263 218 1296 2
244 1263 373 1296 cohors
385 1262 441 1305 44,
456 1262 512 1304 40,
528 1263 560 1296 6.

173 1307 281 1342 Aesis
295 1307 426 1341 fluvius
441 1308 472 1349 5,
488 1308 542 1350 35,
559 1308 591 1341 3.

172 1353 308 1387 Aestus
321 1352 430 1386 maris
443 1353 498 1395 26,
512 1353 568 1395 45,
585 1353 616 1387 7.

172 1399 314 1432 Aesula
332 1398 388 1442 32,
408 1398 464 1442 29,
486 1399 507 1432 2
542 1398 732 1434 Aesulana
747 1410 810 1433 arx
829 1398 884 1443 26,

195 1444 228 1487 9,
243 1444 273 1477 9.

172 1487 350 1523 Aethalia
363 1488 483 1522 insula
495 1489 550 1530 37,
567 1489 622 1532 13,
638 1490 671 1523 3.

172 1534 296 1567 Aetna
321 1544 424 1567 mons
455 1534 516 1578 26,
543 1534 604 1577 29,
629 1534 652 1567 4
699 1534 885 1579 ingentem

196 1579 382 1613 flammam
415 1583 501 1613 ante
532 1583 685 1613 mortem
717 1579 885 1614 Caesaris

197 1624 282 1659 eicit
295 1624 337 1657 F.
352 1624 406 1657 45.

172 1669 297 1704 Aetoli
321 1669 377 1711 25,
403 1669 458 1712 23,
478 1670 499 1703 9
536 1680 660 1704 eorum
687 1669 885 1704 amicitiam

196 1715 387 1749 adfectant
400 1714 557 1748 Romani
576 1714 663 1748 ibid.
691 1715 884 1749 concilium

196 1761 286 1794 dant
305 1759 470 1794 Laevino
489 1760 544 1802 26,
565 1760 611 1793 24
647 1760 785 1794 bellum
811 1771 884 1794 mo—

194 1809 283 1839 vent
300 1806 472 1839 adversus
486 1805 701 1849 Philippum
720 1805 768 1839 ib.
786 1806 828 1839 15
842 1805 883 1838 P.

193 1851 427 1885 Acarnaniae
447 1851 585 1885 bellum
598 1850 732 1885 inferre
752 1855 885 1895 parant

194 1896 250 1939 26,
276 1896 332 1938 25,
359 1896 380 1929 9
417 1895 690 1940 depopulantur
713 1896 885 1930 Achaeos

193 1942 249 1984 27,
263 1942 319 1983 29,
329 1942 349 1974 9
375 1940 422 1975 ad
436 1941 603 1975 Attalum
617 1953 795 1975 summum
809 1952 884 1975 ma·

194 1987 388 2032 gistratum
408 1986 579 2020 deferunt
597 1986 646 2020 ib.
662 1987 705 2020 10
729 1986 784 2020 bis
798 1986 884 2020 victi

194 2045 216 2066 a
230 2031 404 2076 Philippo
412 2031 468 2075 27,
478 2032 563 2074 30,2
577 2032 614 2065 111
629 2031 784 2065 concilio
797 2031 883 2065 Phi-

192 2077 333 2121 lippum
354 2077 540 2111 lacessunt
559 2077 607 2111 ib.
628 2078 671 2111 13
709 2077 884 2111 adiuvant

192 2122 294 2155 Elios
308 2123 362 2164 27,
379 2122 433 2165 31,
443 2122 463 2155 9
491 2122 537 2156 31)
551 2122 713 2157 Achaeis
726 2122 812 2156 victi
825 2123 881 2165 27,

193 2168 247 2211 33,
262 2168 283 2201 5
308 2166 480 2201 finitimos
496 2168 766 2212 depopulantur
778 2168 833 2211 28,
849 2169 880 2210 5,

191 2213 215 2246 4
243 2223 369 2247 eorum
389 2213 583 2246 concilium
602 2213 808 2248 Heracleae
832 2213 881 2247 ib.

193 2259 236 2292 13
272 2269 334 2292 eos
353 2258 400 2292 ad
420 2269 549 2302 pacem
570 2259 669 2304 cogit
687 2258 882 2303 Philippus

191 2304 247 2347 29,
263 2304 306 2336 12
329 2302 466 2337 frustra
480 2303 526 2338 ab
540 2304 669 2338 Attalo
684 2304 731 2338 ad
743 2304 882 2338 bellum

193 2348 400 2383 excitantur
419 2349 480 2392 31,
502 2350 562 2392 15,
584 2350 604 2383 9
649 2360 773 2383 eorum
797 2361 881 2383 con-

191 2393 315 2427 cilium
329 2394 384 2435 31,
399 2394 443 2427 29
473 2394 563 2429 belli
577 2395 765 2429 decretum
779 2394 881 2429 diffe-

191 2443 276 2472 runt
295 2439 349 2482 31,
369 2439 413 2473 32
445 2439 490 2473 de
509 2451 602 2483 pace
621 2440 793 2484 belloque
812 2440 881 2473 nisi

192 2484 228 2516 in
243 2483 480 2518 Panaetolico
501 2490 537 2519 et
549 2485 704 2530 Pylaico
724 2485 880 2520 concilio

193 2528 255 2573 agi
279 2539 351 2561 non
375 2533 498 2572 potest
517 2530 565 2564 ib.
585 2532 607 2564 3
641 2530 818 2564 Romanis
843 2542 880 2565 se

192 2573 349 2618 iungunt
379 2575 438 2617 31,
465 2576 485 2609 9
534 2587 616 2609 011111
639 2575 880 2620 Amynandro

191 2618 378 2651 nonnullis
399 2620 517 2663 captis
536 2621 688 2655 urbibus
706 2622 743 2654 in
764 2621 880 2656 Thes-

192 2663 323 2697 saliam
336 2668 495 2709 pcrgunt
503 2666 558 2709 31,
567 2666 623 2710 41,
634 2667 652 2700 7
679 2665 880 2710 aPhilippo

760 184 883 210 INDEX
907 183 1056 211 RERVM.

939 269 975 302 in
989 269 1117 315 fugam
1131 269 1286 304 coniecti
1300 270 1348 303 ib.
1364 271 1406 305 14
1420 281 1498 316 sqq.
1523 271 1628 306 multi

939 315 1107 349 mercede
1122 315 1293 349 conducti
1308 319 1345 349 ct
1364 316 1400 349 in
1414 318 1627 362 Aegyptum

940 360 1083 394 devecti
1101 361 1156 403 31,
1176 361 1231 404 43,
1253 361 1275 394 5
1311 361 1356 395 de
1376 362 1518 396 ratIOne
1540 362 1628 397 belli

939 405 1082 450 legatos
1114 405 1263 439 mittunt
1294 406 1340 439 ad
1373 406 1560 441 Romanos
1592 411 1629 442 et

939 450 1106 484 Attalum
1126 451 1180 493 31,
1197 451 1240 484 46
1278 451 1513 486 Thaumacos
1532 452 1626 486 obsi-

940 496 1048 529 dione
1063 496 1223 530 eximunt
1237 496 1291 537 32,
1301 496 1334 540 4,
1348 497 1369 529 2
1395 496 1627 531 Thessaliam

939 541 1115 574 invadunt
1124 542 1244 584 32,13,
1255 541 1297 575 10
1322 542 1409 585 quid
1424 553 1445 575 a
1455 542 1627 587 Philippo

938 586 1159 629 postularint
1173 586 1363 630 exponitur
1375 587 1430 630 32,
1446 587 1501 630 33,
1515 588 1537 622 8
1568 598 1626 622 00-

939 642 1018 664 rum
1032 643 1145 675 opera
1160 632 1207 665 ad
1221 632 1521 676 Cynoscephalas
1529 632 1584 676 33,
1594 633 1626 676 7,

940 676 983 709 13
1008 687 1132 710 eorum
1153 688 1265 720 eques
1285 677 1394 722 longe
1413 678 1571 722 optimus
1590 677 1628 711 in

941 720 1102 755 Graecia
1114 722 1202 755 ibid.
1235 721 1281 755 01)
1300 722 1503 757 vanitatem
1522 723 1626 757 adro-

938 767 1176 811 gantiamquc
1195 767 1357 812 neglecti
1371 779 1393 801 a
1407 768 1556 802 consule
1570 768 1625 810 33,

939 813 993 854 11,
1008 812 1030 845 4
1054 823 1178 846 eorum
1193 823 1324 856 aspera
1337 813 1452 847 oratio
1466 814 1521 855 33,
1538 813 1591 856 12,
1607 814 1628 846 3

938 857 1125 890 eontentio
1145 868 1228 890 cum
1248 857 1397 892 consule
1425 858 1470 892 de
1489 858 1628 893 Thebis

937 902 992 945 33,
1009 903 1063 944 13,
1079 902 1098 935 7
1130 902 1256 935 decem
1277 902 1484 947 legatorum
1503 903 1627 937 decre-

936 950 1014 979 tum
1029 947 1073 980 de
1086 946 1258 980 libertate
1275 945 1456 981 Graeciae
1471 951 1628 991 carpunt

937 992 992 1034 33,
1014 992 1056 1025 31
1077 991 1123 1025 cf.
1139 992 1194 1033 33,
1216 992 1271 1034 34,
1287 993 1306 1025 7
1343 996 1544 1036 queruntur
1555 992 1627 1026 Ro-

937 1048 1129 1070 manorum
1142 1037 1428 1071 inconstantiam
1443 1038 1498 1081 33,
1513 1038 1568 1082 35,
1584 1038 1628 1072 10

939 1081 1091 1115 alienati
1118 1093 1140 1115 a
1170 1082 1347 1117 societate
1377 1082 1546 1117 Romana
1570 1083 1625 1126 33,

936 1127 992 1169 49,
1020 1127 1060 1170 83
1085 1127 1140 1170 34,
1167 1127 1223 1170 22,
1249 1127 1272 1161 4
1306 1139 1430 1162 eorum
1457 1128 1627 1172 querelas

937 1172 1149 1206 Alexander
1162 1173 1331 1217 princeps
1352 1172 1543 1217 profitetur
1557 1173 1626 1207 Co-

936 1217 1047 1251 rinthi
1061 1218 1115 1260 34,
1130 1218 1186 1260 23,
1201 1218 1223 1252 5
1247 1218 1392 1252 1111111100
1413 1218 1536 1253 infesti
1553 1218 1625 1252 Ro-

936 1263 1054 1296 manis
1073 1263 1188 1306 35,12
1222 1263 1408 1307 Naupacti
1433 1263 1626 1298 concilium

936 1308 1076 1342 habent
1096 1308 1144 1342 ib.
1165 1309 1186 1342 3
1220 1309 1463 1352 Antiochum,
1484 1309 1625 1353 Philip-

935 1365 1033 1397 pum,
1054 1353 1189 1388 Nabim
1209 1354 1256 1387 ad
1269 1354 1407 1388 bellum
1420 1354 1626 1388 Romanum

936 1399 1096 1433 excitant
1103 1400 1157 1442 35,
1167 1399 1221 1442 12,
1231 1400 1252 1433 5
1260 1399 1301 1433 P.
1329 1399 1523 1433 concilium
1536 1400 1627 1433 dant

935 1445 1060 1489 legato
1073 1444 1249 1478 Antiochi
1262 1445 1317 1487 35,
1332 1445 1387 1486 32,
1403 1445 1424 1478 8
1455 1445 1540 1479 dein
1552 1444 1624 1478 Ro-

934 1489 1054 1522 manis
1074 1490 1128 1531 35,
1150 1490 1193 1523 33
1223 1490 1446 1523 Antiochum
1467 1490 1514 1524 ad
1533 1489 1623 1524 libe-

934 1535 1088 1568 randam
1115 1533 1311 1568 Graeciam
1345 1538 1535 1568 arcessunt
1560 1535 1623 1569 de-

935 1583 1034 1613 creto
1054 1579 1103 1613 ib.
1122 1580 1143 1613 8
1174 1580 1365 1624 potiuntur
1383 1579 1622 1614 Demetriade

933 1625 988 1667 35,
1004 1624 1118 1667 34,12
1151 1625 1213 1669 qui
1232 1625 1332 1658 missi
1357 1629 1463 1659 erant
1489 1625 1536 1659 ad
1559 1636 1621 1660 ne-

934 1670 1093 1703 candum
1118 1669 1253 1704 Nabim
1285 1670 1355 1714 ipsi
1385 1674 1517 1714 postea
1540 1681 1622 1705 cae-

934 1715 1069 1748 duntur
1093 1715 1148 1757 35,
1175 1715 1236 1758 36,
1257 1716 1277 1749 9
1314 1715 1508 1749 concilium
1533 1716 1623 1749 dant

933 1760 1117 1794 Antiocho
1127 1760 1181 1803 35,
1191 1760 1237 1794 44
1249 1760 1433 1805 principes
1441 1761 1620 1806 deligunt,

934 1805 1149 1849 quibuscum
1158 1805 1362 1840 Antiochus
1377 1806 1559 1840 consultet
1565 1807 1620 1849 35,

932 1851 988 1893 45,
1015 1851 1035 1884 9
1071 1850 1338 1885 Perrhaebiam
1362 1851 1542 1884 invadunt
1565 1851 1620 1894 36,

933 1896 1022 1939 1Ο,5
1058 1895 1169 1940 pauci
1197 1900 1413 1930 succurrunt
1436 1895 1621 1930 Antiocho

932 1941 987 1984 36,
1002 1941 1056 1981 15,
1071 1941 1094 1975 4
1121 1952 1207 1985 pars
1227 1941 1449 1976 Heracleam
1468 1941 1620 1984 obtinet,

932 1997 1017 2030 pars
1032 1986 1303 2032 Thermopylas
1315 1987 1370 2030 36,
1387 1987 1441 2031 16,
1457 1987 1499 2020 11
1528 1986 1622 2020 nihil

931 2031 1055 2076 pacati
1086 2032 1311 2076 respondent
1341 2043 1430 2077 rege
1461 2031 1622 2066 Graecia

932 2077 1082 2121 expulso
1095 2078 1150 2121 36,
1165 2078 1220 2121 22,
1234 2077 1257 2111 4
1280 2077 1502 2111 Heracleam
1516 2077 1621 2111 amit-

930 2126 1013 2156 tunt
1026 2123 1081 2165 36,
1095 2123 1150 2166 24,
1167 2124 1208 2156 11
1242 2123 1289 2156 ad
1302 2122 1527 2156 Antiochum
1539 2122 1620 2156 mit-

930 2172 1013 2202 tunt
1037 2168 1180 2213 legatos
1204 2168 1399 2211 pecuniam
1424 2171 1460 2201 et
1485 2167 1621 2202 auxilia

930 2217 1100 2259 rogatum
1126 2213 1181 2256 36,
1207 2213 1251 2247 26
1287 2213 1432 2258 legatos
1458 2212 1503 2247 de
1527 2223 1619 2257 pace

929 2259 1079 2292 mittunt
1099 2259 1146 2292 ad
1167 2257 1354 2292 consulem
1367 2258 1423 2301 36,
1437 2258 1493 2301 27,
1508 2258 1529 2291 2
1554 2258 1618 2292 ite-

929 2315 1009 2337 rum
1035 2304 1095 2347 36,
1122 2304 1167 2338 28
1202 2314 1393 2338 commune
1425 2303 1619 2337 concilium

929 2349 1117 2394 postulata
1132 2349 1291 2383 consulis
1305 2349 1410 2383 reicit
1423 2349 1478 2392 36,
1493 2349 1538 2382 29
1564 2348 1615 2382 in-

930 2394 1050 2428 dutias
1064 2394 1324 2439 impetrant36,
1334 2395 1388 2437 35,
1398 2395 1418 2428 6
1443 2394 1487 2427 iis
1499 2405 1618 2439 neque

930 2440 1020 2474 data
1043 2451 1162 2484 neque
1187 2444 1326 2485 negata
1350 2451 1422 2483 pax
1447 2440 1508 2482 37,
1534 2440 1571 2482 1,
1597 2440 1619 2474 5

929 2496 1054 2519 eorum
1067 2485 1171 2519 multi
1186 2485 1414 2529 principesin
1422 2484 1618 2518 lautumias

929 2530 1085 2564 coniecti
1099 2531 1153 2573 37,
1169 2530 1232 2573 3,8
1246 2530 1422 2565 Coracem
1437 2533 1619 2574 occupant

928 2575 1025 2618 37,4,
1038 2576 1056 2609 7
1082 2575 1227 2626 legatos
1241 2575 1389 2609 mittunt
1404 2575 1448 2609 de
1462 2586 1553 2619 pace
1561 2574 1615 2616 37,

929 2622 961 2663 6,
978 2621 998 2654 7
1022 2620 1182 2654 indutias
1196 2621 1394 2664 impetrant
1407 2620 1462 2662 37,
1478 2620 1508 2662 7,
1519 2620 1539 2653 6
1557 2629 1615 2653 00-

927 2677 1007 2699 rum
1020 2665 1136 2711 legati
1154 2665 1192 2699 in
1206 2669 1337 2700 senatu
1355 2663 1551 2699 insolentia
1563 2663 1615 2698 of—
