1804 2926
593 199 637 233 Τ.
664 198 772 234 LIVI
799 196 1131 234 FRAGMENTA.
1462 188 1545 230 229

638 290 652 305 *
665 290 737 316 LIB.
755 297 780 315 a.
794 297 822 316 u.
838 296 863 316 c.
877 290 1083 315 LXXXXVIII.

247 336 307 383 23)
331 336 484 372 Λιούιος
509 334 545 370 δ’
569 335 727 380 εἴρηκεν,
758 333 807 370 αἱς
833 333 1014 368 οὐδέποτε
1045 334 1208 378 Ῥωμαῖοι
1241 334 1428 377 πολεμίοις
1451 332 1546 368 ἀπο-

181 380 325 417 δέοντες
344 384 526 416 τοσοῦτον
552 380 689 424 πλήθει
715 379 987 425 παρετάξαντο·
1015 378 1143 422 σχεδὸν
1167 380 1235 427 γὰρ
1261 379 1338 414 οὐδ’
1365 380 1543 420 εἰκοστόν,

179 425 253 460 ἀλλ’
268 426 420 461 ἔλαττον
438 429 608 472 ἐγένοντο
620 428 731 470 μέρος
751 425 788 458 οἱ
806 427 979 460 νικῶντες
996 428 1073 458 τῶν
1091 424 1313 468 ἡσσημένων.
1365 426 1542 460 Plutarch.

182 473 314 506 Lucull.
330 484 357 506 c.
372 472 427 506 28.
444 484 462 505 c
483 499 489 505 .
505 472 600 506 Suid.
616 482 642 505 s.
657 483 686 504 υ.
701 469 937 506 Λούκουλλος
949 470 989 504 Π
1004 471 1035 513 1,
1051 471 1128 514 611,
1145 472 1188 504 10
1200 472 1307 514 thly.

247 517 307 561 24)
335 520 430 560 Φησὶ
476 519 492 549 ἐ
512 515 531 550 ὁ
550 517 704 551 Λιούιος
725 518 764 549 ἐν
781 518 849 558 μὲν
866 518 909 561 τῇ
932 519 1095 561 προτέρᾳ
1113 516 1206 562 μάχῃ
1228 515 1414 555 πλείονας,
1441 518 1480 548 ἐν
1505 513 1544 548 δὲ

178 562 292 608 ταύτῃ
304 565 602 607 γνωριμωτέρους
616 564 742 595 πεσεῖν
755 564 816 595 καὶ
829 559 1014 606 ληφθῆναι
1027 564 1103 595 τῶν
1118 561 1315 605 πολεμίων.
1362 562 1541 595 Plutarch.

177 607 312 697 Lucfftnl}
327 607 562 692 (3.31idetellus
582 654 620 686 et
639 650 683 693 Q.
702 650 933 686 Hortensius.
981 651 1051 685 His
1070 651 1280 685 consulibus
1301 662 1323 686 a
1343 650 1386 692 Q.
1409 650 1541 685 Catulo

175 700 387 741 reparatum
401 696 686 742 dedicatumque
700 695 924 742 Capitolium
938 700 1004 731 est.
1056 698 1208 731 Cassiod.
1224 699 1246 731 l.
1261 699 1283 730 l.
1299 709 1329 731 α.
1346 709 1378 730 u.
1393 696 1490 738 685]

630 766 643 780 ⁸
657 766 729 791 LIB.
745 773 770 793 a.
785 773 813 791 u.
828 773 852 791 c.
867 766 1088 791 Lxxxxwm.

242 809 301 854 25)
325 809 375 843 Et
385 809 503 854 primo
517 809 666 854 quidem
679 812 826 844 centum
839 809 970 844 habuit
983 809 1094 844 Creta
1107 809 1286 851 civitates,
1307 809 1404 843 unde
1418 808 1541 842 Heca-

174 854 345 899 tompolis
365 855 465 889 dicta
484 860 558 899 est3
582 858 666 899 post
689 855 821 900 viginti
846 858 1037 899 quattu0r;
1063 854 1149 889 inde
1159 881 1167 896 ‚
1193 858 1235 888 ut
1260 854 1409 897 dieitur⁷
1436 854 1540 896 duas,

175 899 328 934 Gnoson
341 904 378 935 et
390 900 673 946 Hierapytnam,
695 900 860 944 quamvis
874 900 1001 934 Livius
1014 900 1138 945 plures
1152 911 1174 935 a
1187 899 1338 935 Metello
1354 910 1541 945 expugna-

173 948 232 979 tas
246 945 357 980 dieat.
406 948 502 980 Serv.
519 947 565 980 ad
585 946 707 989 Verffl'l.
722 947 807 980 Aen.
822 945 882 979 III
896 945 972 979 106.

709 1014 722 1029 ³
737 1015 809 1039 LIB.
826 1021 852 1040 a.
868 1022 896 1039 u.
912 1022 936 1040 c.
952 1014 1013 1040 CII.

241 1059 301 1104 26)
326 1058 453 1093 Livius
467 1059 512 1093 de
532 1062 647 1094 morte
661 1058 903 1093 Mithridatis:
931 1058 1048 1104 ‘quod
1068 1070 1149 1093 eum
1170 1059 1359 1093 diluisset.’
1406 1060 1537 1103 Ayroe-

175 1105 241 1138 tius
255 1106 294 1137 de
309 1106 504 1149 orth09r.p.
518 1105 619 1138 2267.
635 1106 674 1139 P.

243 1150 303 1194 27)
329 1154 399 1183 Καὶ
411 1150 478 1196 γὰρ
492 1148 643 1192 ἁλούσης
657 1152 717 1192 τῆς
733 1148 874 1185 πόλεως
889 1153 973 1194 περὶ
986 1153 1114 1194 τρίτον
1126 1151 1231 1192 μῆνα,
1247 1151 1289 1195 τῇ
1304 1152 1365 1192 τῆς
1378 1153 1540 1192 νηστείας

173 1194 298 1239 ἡμέρᾳ,
324 1195 413 1228 κατὰ
427 1195 493 1237 τὴν
505 1196 659 1236 ἐννοίτην
673 1199 732 1228 καὶ
744 1194 1018 1239 ἑβδομηκοστὴν
1030 1198 1090 1228 καὶ
1103 1196 1303 1236 ἑκατοστὴν
1317 1194 1538 1238 ὀλυμπιάδα,

173 1241 438 1274 ὑπατευόντων
455 1244 569 1273 Γαίου
585 1239 781 1273 Ἀντωνίου
802 1244 861 1273 καὶ
879 1240 1032 1285 ΠΙάρκου
1057 1238 1229 1273 Τουλλίου
1251 1243 1476 1284 Κικέρωνος,
1503 1239 1541 1273 οἱ

175 1284 342 1327 πολέμιοι
359 1288 428 1328 μὲν
440 1285 671 1328 εἰσπεσόντες
689 1287 871 1330 ἔσφαττον
889 1285 974 1320 τοὺς
995 1287 1034 1317 ἐν
1048 1287 1101 1328 τῷ
1122 1284 1219 1328 ἱερῷ.
1246 1286 1282 1318 οἱ
1297 1283 1336 1318 δὲ
1351 1284 1443 1328 πρὸς
1461 1289 1539 1321 ταῖς

174 1331 321 1365 θυσίαις
341 1328 449 1363 οὐδὲν
465 1331 576 1372 ἧττον
601 1330 874 1375 ἱερουργοῦντες
898 1328 1092 1371 διετέλουν,
1119 1330 1202 1363 οὔτε
1227 1328 1300 1363 ὑπὸ
1327 1333 1393 1363 τοῦ
1416 1331 1536 1375 φόβου

172 1377 238 1409 τοῦ
265 1379 350 1421 περὶ
375 1378 436 1417 τῆς
460 1377 582 1420 ψυχῆς,
609 1377 692 1408 οὔτε
717 1374 792 1408 ὑπὸ
817 1377 884 1408 τοῦ
910 1373 1076 1417 πλήθους
1100 1377 1176 1408 τῶν
1195 1373 1260 1417 ἤδη
1279 1379 1539 1420 φονευομένων

172 1420 467 1466 ἀναγκασθέντες
480 1418 700 1465 ἀποδρᾶναι,
727 1422 803 1453 πᾶν
816 1419 845 1453 δ’
863 1416 920 1453 ὅτι
939 1418 1015 1452 ὃεόι
1029 1420 1170 1453 παθεῖν
1182 1423 1294 1453 τοῦτο
1316 1420 1400 1465 παρ’
1416 1419 1539 1456 αὐτοῖς

172 1464 369 1508 ὑπομεῖναι
387 1469 464 1500 τοῖς
480 1469 620 1508 βωμοῖς
637 1469 806 1509 κρεῖττον
819 1465 911 1498 εἶναι
924 1466 1135 1506 νομίζοντες
1149 1462 1170 1506 ἣ
1190 1464 1394 1508 παρελθεῖν
1407 1479 1442 1499 τι
1460 1469 1538 1499 τῶν

172 1514 348 1553 νομίμων.
409 1506 466 1544 ὅτι
492 1508 532 1543 δὲ
557 1510 599 1543 οὐ
630 1510 672 1544 Ᾱό
698 1523 736 1546 σς
759 1512 876 1543 ταῦτα
904 1509 1023 1552 μόνον
1049 1512 1149 1543 ἐστὶν
1174 1511 1355 1556 ἐγκώμιον
1379 1508 1538 1556 ψευδοῦς

172 1555 353 1599 εὐσεβείας
367 1557 588 1600 ἐμφανίζων,
615 1554 658 1589 ἀλ
682 1554 689 1566 '
704 1554 869 1598 ἀλήθεια,
893 1557 1122 1599 μαρτυροῦσι
1134 1556 1280 1595 παντες,
1306 1555 1343 1588 οἱ
1361 1556 1425 1590 τὰς
1445 1555 1537 1589 κατὰ

171 1601 368 1644 Πομπήιον
388 1600 533 1645 πράξεις
551 1599 841 1648 ἀναγράψαντες,
862 1602 902 1633 ἐν
921 1600 974 1636 οἷς
993 1603 1053 1633 καὶ
1073 1600 1259 1643 Στράβων
1278 1603 1337 1633 καὶ
1358 1600 1539 1636 Νικόλαος

171 1650 231 1679 καὶ
246 1645 337 1689 πρὸς
356 1647 501 1681 τούτοις
518 1649 621 1681 Τίτος
634 1649 784 1688 Λίβιος,
810 1644 829 1679 ὁ
850 1648 911 1688 τῆς
923 1643 1113 1689 Ῥωμαικῆς
1127 1646 1288 1690 ἱστορίας
1303 1647 1537 1693 συγγραφεύς.

169 1692 302 1736 Ioseph.
317 1691 422 1736 antiq.
438 1692 513 1725 Iud.
529 1690 658 1735 XIIII,
673 1691 706 1734 4,
721 1691 753 1725 3.

710 1749 783 1774 LIB.
798 1756 822 1774 a.
840 1756 867 1774 u.
884 1756 909 1774 c.
925 1748 1000 1774 Clu.

260 1792 320 1837 28)
350 1792 566 1827 Horrendus
580 1793 699 1838 magis
714 1796 785 1837 est,
806 1792 954 1844 perimit
966 1792 1029 1837 qui
1043 1803 1210 1837 corpora,
1231 1793 1354 1828 carbo.

351 1837 437 1872 Vrit
448 1838 508 1872 hie
520 1837 682 1872 inclusus
691 1864 700 1882 ‚
719 1839 849 1873 vitalia
861 1839 998 1883 rumpit
1011 1842 1160 1882 apertus
1171 1850 1180 1882 ς

353 1882 465 1916 Hune
476 1885 619 1917 veteres
634 1884 820 1928 quondam
832 1883 943 1918 variis
956 1884 1134 1928 pepulere
1148 1883 1313 1918 medelis.

353 1927 483 1962 Tertia
494 1938 654 1972 namque
668 1928 746 1962 Titi
760 1928 868 1962 simul
881 1932 918 1963 et
931 1930 1134 1963 centesima
1146 1928 1230 1963 Livi

352 1971 492 2006 Charta
505 1972 624 2016 docet,
650 1972 746 2008 ferro
760 1973 875 2007 talem
888 1973 1070 2008 candente
1085 1974 1249 2008 dolorem

351 2017 549 2051 Exseetum
563 2021 627 2051 aut
639 2022 726 2062 poto
741 2028 915 2062 raporum
928 2019 1066 2053 semine
1080 2018 1239 2062 pulsum,

352 2062 488 2097 Infeeti
502 2062 626 2097 dicens
639 2063 698 2096 vix
710 2067 852 2107 septem
864 2073 971 2107 posse
985 2063 1115 2097 diebus

351 2107 479 2143 Vitam
491 2107 665 2152 produei3
688 2111 796 2142 tanta
809 2111 865 2142 est
877 2108 1056 2142 violentia
1069 2108 1197 2142 morbi.

351 2154 472 2187 seren.
487 2155 661 2187 Sammon.
677 2154 717 2186 de
731 2154 846 2186 medic.
862 2165 890 2186 c.
906 2153 960 2186 39.
975 2166 1003 2186 v.
1019 2153 1085 2187 7⁶25
1098 2166 1170 2198 sqq.

239 2202 272 2240 [‘
286 2198 321 2243 ο)
335 2197 384 2231 Μ.
399 2198 540 2242 Pupius
555 2202 592 2232 et
604 2197 653 2231 M.
669 2197 852 2233 Valerius.
900 2198 970 2231 His
989 2199 1201 2232 consulibus
1216 2197 1378 2233 Catilina
1392 2199 1430 2232 in
1445 2209 1535 2244 agro

170 2243 387 2278 Pistoriensi
402 2254 423 2277 a
437 2243 477 2278 C.
492 2243 655 2277 Antonio
668 2242 768 2277 bello
787 2246 999 2287 peremptus
1013 2247 1078 2278 est.
1120 2244 1271 2277 Cassiod.
1286 2245 1308 2277 l.
1324 2245 1345 2278 l.
1361 2256 1393 2278 α.
1407 2257 1439 2278 u.
1455 2245 1533 2278 693.

239 2293 255 2309 ¹·
263 2289 305 2333 p)
332 2288 376 2322 L.
396 2288 483 2322 Piso
503 2292 540 2323 et
559 2288 604 2322 A.
626 2287 819 2322 Gabinius.
868 2288 938 2321 His
963 2288 1175 2322 consulibus
1194 2287 1316 2323 Clodii
1340 2289 1536 2335 rogatione

171 2334 299 2369 Cicero
314 2334 351 2368 in
366 2333 514 2368 exilium
527 2336 583 2368 est
594 2333 794 2378 profectus.
846 2334 998 2368 Cassiod.
1013 2335 1036 2368 l.
1051 2335 1073 2368 l.
1089 2346 1120 2368 α.
1135 2346 1167 2368 u.
1183 2333 1262 2368 696.

686 2403 699 2415 ’Ἥ
714 2403 787 2427 LIB.
801 2409 828 2427 a.
843 2410 869 2428 u.
889 2410 913 2427 c.
929 2403 1018 2428 (31111.

237 2446 274 2491 q)
300 2446 342 2480 P.
356 2445 538 2480 Lentulus
557 2448 595 2481 et
614 2444 657 2487 Q.
673 2444 856 2480 Metellus.
904 2446 973 2480 His
999 2445 1212 2480 consulibus
1238 2450 1391 2492 propter
1409 2447 1536 2483 civiles

170 2491 417 2526 dissensiones
446 2502 512 2536 per
540 2495 689 2526 senatus
715 2492 922 2526 consultum
952 2492 998 2526 de
1024 2492 1131 2526 exilio
1164 2491 1294 2527 Cicero
1328 2497 1533 2528 revocatur.

172 2537 325 2571 Cassiod.
346 2538 368 2571 l.
384 2538 405 2570 Z.
421 2548 453 2570 α.
468 2548 500 2571 u.
515 2537 613 2579 697]

698 2595 712 2610 *
724 2595 796 2620 LIB.
811 2602 836 2620 a.
852 2603 879 2621 u.
896 2603 921 2621 c.
939 2595 998 2621 CV.

239 2638 300 2681 29)
325 2638 497 2673 Formam
509 2638 621 2673 totius
634 2638 850 2674 Britanniae
864 2639 990 2674 Livius
1004 2643 1179 2683 veterum,
1206 2640 1346 2674 Fabius
1359 2640 1533 2676 Rusticus

169 2684 382 2728 recentium,
409 2684 696 2729 eloquentissimi
717 2688 898 2730 auctores,
925 2685 1110 2731 oblongae
1124 2686 1290 2721 scutulae
1304 2686 1363 2721 vel
1382 2687 1533 2732 bipenni
