1804 2926
601 195 645 229 T.
671 193 779 228 LIVI
805 192 1137 229 FRAGMENTA.
1465 185 1545 227 231

191 290 316 323 Livius
334 286 499 322 meminit
517 286 610 320 libro
632 288 761 330 quarto
782 285 878 330 (belli
888 296 934 319 sc.
950 285 1083 329 civilis).
1132 287 1233 320 schol.
1254 288 1370 319 Bet-ol.
1390 288 1431 329 C,
1456 286 1537 319 Voss

190 336 327 369 Lucani
337 335 458 368 Phar-s.
471 332 509 365 X
520 331 598 365 471.

257 380 316 425 39)
340 378 512 420 Arsinoe]
540 386 641 409 soror
664 374 870 409 Ptolemaei
894 375 983 419 fuit3
1014 376 1110 410 hanc
1136 375 1373 421 Ganymedes
1400 376 1549 420 quidam

192 426 307 470 spado
321 423 468 468 puellae
483 421 760 465 acceptissimus
771 420 811 454 in
823 424 944 454 castra
951 421 1122 456 Achillae
1135 422 1316 465 perduxit,
1332 421 1435 455 cuius
1449 421 1550 454 iussu

190 470 355 505 Achillas
381 468 520 503 occisus
546 470 601 501 est
625 470 663 501 et
687 465 862 500 exercitui
887 466 1124 511 praeponitur
1149 466 1398 512 Ganymedes.
1452 467 1550 499 hunc

189 519 319 560 postea
332 513 468 548 Caesar
480 512 584 546 victis
597 511 795 556 Aegyptiis
809 511 845 544 in
859 512 1043 556 triumpho
1059 511 1170 553 duxit,
1192 515 1233 545 ut
1246 512 1411 546 meminit
1421 511 1550 544 Livius

189 562 226 595 in
244 561 336 594 libro
358 562 487 603 quarto
507 557 622 590 civilis
641 557 741 591 belli.
789 558 892 590 schol.
913 558 1030 591 Berol.
1050 558 1098 600 G,
1132 558 1225 591 Voss.
1241 557 1302 603 (cf.
1319 557 1450 602 Guelf.)
1470 557 1548 590 ibid.

188 620 216 641 υ.
230 606 296 640 521
311 604 355 647 cf.
370 605 472 637 schol.
495 603 632 636 Vratisc.
650 603 686 636 O.
701 603 778 636 ibid.
794 615 822 636 v.
838 602 915 636 519.

255 650 342 694 *40)
368 647 649 693 Quadringenta
671 647 775 682 milia
793 647 969 681 librorum
989 647 1237 682 Alexandriae
1257 650 1439 691 arserunt3
1468 647 1548 698 pul-

187 695 405 729 cherrimum
423 692 550 738 regiae
569 692 780 737 opulentiae
800 696 1074 727 monumentum
1093 693 1187 727 alius
1206 692 1428 735 laudaverit,
1455 695 1549 725 Sicut

187 744 224 775 et
241 740 386 781 Livium
413 739 475 783 qui
500 738 710 783 elegantiae
735 749 864 784 regum
890 749 1074 783 curaeque
1099 738 1290 784 egregium
1315 737 1353 771 id
1377 747 1469 782 opus
1497 737 1550 770 ait

186 786 310 820 fuisse.
358 785 400 819 L.
415 786 547 819 Seneca
561 785 600 817 de
613 785 788 829 tranquill.
805 785 907 817 anim.
924 795 951 817 c.
967 784 999 818 9.

252 888 312 933 41)
337 886 442 921 Idem
461 886 594 930 (Livius
613 885 676 931 sc.)
697 848 867 921 isslfi-XaI-Ip·
879 847 1021 931 gpzliiii
1032 896 1166 921 nomen
1190 885 1227 920 in
1250 885 1273 919 d
1293 884 1463 919 desinens
1482 896 1549 929 per

187 932 435 967 accusativum
455 942 581 965 casum
599 935 729 966 neutro
755 942 890 977 genere
915 931 1084 976 protulit:
1111 934 1166 966 ‘et
1184 931 1263 975 ipse
1283 931 1382 965 circa
1400 930 1548 975 Palpud

186 990 288 1013 oram
301 977 495 1012 tuebatur.⁷
543 978 712 1012 Priscian.
727 978 803 1011 inst.
816 989 962 1022 yramm.
976 976 1031 1012 VI
1045 978 1075 1020 ξ.
1090 977 1134 1010 22
1142 988 1179 1021 p.
1194 976 1259 1011 687
1273 978 1314 1011 P.
1593 976 1596 980 ’

702 1042 777 1066 LIB.
791 1049 816 1066 a.
831 1049 859 1066 u.
874 1049 898 1067 c.
914 1041 1028 1067 CXIIII.

253 1085 313 1129 42)
338 1085 382 1118 In
403 1085 426 1118 d
444 1088 576 1118 neutra
594 1088 694 1118 sunt:
723 1085 844 1129 ‘quid’
872 1111 898 1118 ..
920 1088 957 1120 et
983 1085 1157 1130 ‘Bogudst
1178 1096 1311 1119 nomen
1335 1085 1546 1128 barbarum,

187 1131 284 1175 quod
314 1130 441 1164 Livius
475 1129 512 1163 in
543 1130 741 1164 centesimo
774 1134 905 1174 quarto
936 1131 1078 1165 decimo
1103 1130 1303 1165 declinavit
1335 1131 1546 1176 ‘Bogudis'.

186 1177 358 1210 Priscian.
380 1176 455 1208 inst.
479 1187 626 1217 qramm.
647 1174 681 1209 V
696 1177 726 1218 ξ.
748 1176 792 1209 10
806 1186 843 1219 p.
865 1176 931 1209 643
948 1177 990 1210 P.
1019 1176 1063 1218 cf.
1084 1176 1210 1220 fraym.
1233 1176 1288 1210 lib.
1310 1186 1410 1219 CXII,
1431 1188 1497 1221 quo
1515 1177 1545 1209 Ῐι.

185 1233 316 1266 quoque
330 1223 351 1254 l.
366 1222 491 1253 rettulit
505 1221 658 1264 Ruperti.

255 1272 270 1286 *
284 1266 343 1310 43)
371 1265 533 1309 Cumque
554 1270 617 1299 tuo
637 1265 754 1299 laeter
773 1265 996 1299 adminiculo
1017 1269 1054 1300 et
1072 1266 1111 1299 in
1129 1265 1249 1310 prima
1262 1266 1352 1300 urbe
1367 1269 1548 1300 terrarum

185 1311 341 1355 primum
355 1314 391 1344 et
403 1310 597 1344 nobilitate
611 1314 648 1344 et
665 1310 845 1388 religione
864 1310 1001 1345 habere
1020 1321 1078 1345 me
1098 1311 1281 1356 gaudeam
1302 1311 1545 1355 defensorem,

184 1361 308 1390 tamen
331 1366 391 1388 ma
420 1355 449 1387 is
474 1358 640 1399 optarem
664 1355 730 1388 illu
780 1355 869 1389 mihi
900 1356 1130 1401 contingere,
1165 1356 1263 1400 quod
1289 1357 1396 1390 Titus
1420 1356 1548 1390 Livius

185 1401 312 1435 scribit
326 1401 370 1435 de
385 1367 542 1434 Catone:
570 1400 691 1433 ‘cuius
705 1400 846 1445 gloriae
858 1411 978 1444 neque
997 1401 1137 1446 profuit
1151 1401 1345 1445 quisquam
1358 1402 1546 1436 laudando

183 1458 252 1480 nec
264 1445 507 1490 vituperando
520 1445 655 1487 nocuit,
684 1456 765 1478 cum
779 1449 974 1490 utrumque
989 1446 1138 1479 summis
1151 1446 1312 1490 praediti
1324 1447 1480 1481 fecerint
1493 1447 1545 1480 in-

184 1491 329 1537 geniis'.
379 1488 566 1535 significat
585 1494 707 1524 autem
727 1490 776 1523 M.
799 1490 1014 1525 Ciceronem
1040 1495 1076 1525 et
1096 1490 1135 1525 C.
1158 1491 1364 1533 Caesarem,
1393 1503 1546 1535 quorum

184 1536 278 1571 alter
291 1535 432 1578 laudes,
447 1535 540 1569 alter
552 1535 840 1578 vituperationes
856 1547 966 1580 supra
980 1535 1070 1570 dicti
1084 1536 1229 1580 scripsit
1242 1536 1320 1569 viri.
1347 1538 1544 1580 Hieronymi.

183 1583 230 1616 ad
240 1581 598 1625 Pammaclzz'mnprol.
614 1581 669 1614 lib.
686 1580 735 1614 II.
749 1582 783 1614 in
798 1582 950 1615 Hoseam
975 1587 996 1615 t.
1011 1581 1067 1616 VI
1076 1593 1112 1625 p.
1127 1581 1171 1615 54
1185 1593 1261 1625 opp.
1276 1583 1326 1615 ecl.
1350 1582 1499 1615 Vallars.

695 1644 717 1677 [¹³
730 1645 802 1670 LlB.
817 1652 843 1670 a.
857 1652 885 1670 u.
901 1652 924 1670 c.
941 1644 1027 1671 CXV.

250 1687 277 1733 t)
302 1687 342 1723 O.
356 1687 471 1721 Iulius
491 1687 628 1722 Caesar
640 1699 700 1722 1111
721 1691 758 1723 et
776 1687 916 1722 Fabius
937 1688 1129 1722 Maximus.
1179 1688 1248 1722 His
1269 1688 1480 1722 consulibus
1504 1688 1544 1723 C.

182 1733 298 1767 Iulius
322 1732 459 1768 Caesar
481 1744 548 1778 per
573 1733 819 1778 quadriduum
843 1734 1094 1778 triumphavit.
1147 1736 1299 1768 Cassiod.
1328 1735 1443 1767 chron.
1473 1736 1495 1768 Z.
1522 1736 1544 1768 l.

183 1791 215 1812 a.
230 1791 262 1812 u.
278 1778 373 1821 709⁰]
693 1825 707 1840 2
720 1826 792 1851 ΜΒ.
808 1832 835 1851 a.
850 1833 878 1851 u.
894 1832 918 1850 c.
934 1825 1033 1851 cxvi.

250 1868 309 1914 44)
337 1895 344 1902 .
359 1894 367 1901 .
382 1895 389 1902 .
418 1869 461 1903 Οἱ
475 1867 513 1902 δὲ
529 1867 570 1902 οὔ
584 1883 672 1914 φασι
687 1872 727 1916 τῇ
741 1874 883 1915 γυναικὶ
898 1870 1126 1915 (Calpurniae
1140 1872 1204 1917 sc.)
1218 1871 1353 1913 ταύτην
1372 1872 1546 1917 γενέσθαι

183 1912 251 1956 τὴν
270 1912 370 1958 ὄψιν·
396 1912 470 1946 ἀλλ’
490 1907 534 1955 ἦν
552 1915 619 1960 γάρ
639 1929 674 1948 τι
692 1918 734 1960 τῇ
753 1919 935 1960 Καίσαρος
961 1917 1058 1958 οἰκίᾳ
1084 1920 1353 1960 προσκείμενον
1377 1917 1458 1950 οἷον
1483 1920 1544 1950 ἐπὶ

185 1959 309 2001 κόσμῳ
324 1962 382 1991 καὶ
398 1959 588 2000 σεμνότητι
605 1962 666 2001 τῆς
683 1959 814 2003 βουλῆς
827 1964 1075 2005 ψηᾳισαμείγς
1089 1960 1326 2007 ἀκρωτήριον,
1353 1960 1401 1996 οἷς
1413 1965 1545 2005 Λίβιος

186 2004 338 2047 ἱστορεῖ,
375 2005 486 2036 τοῦτο
520 2002 606 2048 ὄναρ
638 2002 659 2046 ἡ
688 2004 927 2048 Καλπουρνία
958 2006 1167 2051 θεασαμένη
1203 2007 1545 2050 καταρρηγνύμενον

184 2048 284 2087 ἔδοξε
299 2048 525 2082 ποτνιᾶσθαι
546 2053 605 2082 καὶ
619 2047 797 2093 δακρύειν.
846 2049 977 2094 ἡμέρας
997 2048 1027 2083 δ’
1043 2053 1111 2084 οὖν
1128 2055 1322 2097 γενομένης
1341 2051 1458 2084 ἐδεῖτο
1477 2055 1544 2085 τοῦ

184 2097 376 2137 Καίσαρος,
392 2094 503 2136 εἰμὲν
517 2093 598 2127 οἷόν
610 2107 659 2134 τε,
680 2094 728 2137 μὴ
741 2094 952 2140 προελθεῖν,
967 2093 1039 2128 ἀλλ’
1054 2095 1305 2138 ἀναβαλέσθαι
1317 2096 1384 2138 τὴν
1399 2096 1544 2142 σύγκλη-

184 2151 266 2172 τον·
293 2140 325 2172 εἰ
350 2137 389 2171 δὲ
408 2141 485 2172 τῶν
504 2142 638 2180 ἐκείνης
664 2138 818 2185 ὀνείρων
837 2139 1000 2181 ἐλάχιστα
1020 2142 1222 2184 φροντίζει,
1250 2142 1460 2184 σκέψασθαι
1485 2139 1544 2175 διὰ

182 2187 354 2227 μαντικῆς
368 2182 468 2225 ἄλλης
482 2187 540 2217 καὶ
555 2183 665 2228 ἱερῶν
679 2188 763 2229 περὶ
775 2187 839 2217 τοῦ
854 2184 1057 2226 μέλλοντος.
1104 2187 1280 2219 Plutarch.
1299 2187 1394 2220 Caes.
1410 2198 1438 2220 c.
1454 2187 1509 2221 63.

250 2229 310 2273 45>
335 2228 504 2263 Vidimus
517 2229 719 2264 undantem
731 2229 848 2273 ruptis
861 2229 1073 2264 fornacibus
1087 2230 1264 2273 Aetnam]
1282 2230 1422 2265 Malum
1436 2242 1544 2266 omen

184 2277 250 2317 est,
276 2274 424 2318 quando
437 2284 511 2307 non
522 2273 673 2318 fumum,
700 2274 765 2309 sed
777 2274 1007 2309 flammarum
1020 2275 1138 2320 egerit
1151 2275 1299 2321 globos3
1327 2280 1374 2319 et,
1400 2280 1442 2310 ut
1455 2277 1544 2311 dicit

182 2319 321 2362 Livius,
349 2321 472 2353 ‘tanta
494 2319 644 2354 flamma
663 2324 748 2355 ante
772 2323 927 2354 mortem
939 2319 1108 2354 Caesaris
1134 2332 1177 2355 ex
1190 2321 1314 2355 Aetna
1337 2326 1460 2356 monte
1481 2322 1542 2356 de-

182 2364 298 2407 fluxit,
325 2367 366 2398 ut
383 2375 458 2397 non
476 2367 620 2398 tantum
638 2365 782 2399 vicinae
801 2365 928 2407 urbes,
955 2365 1021 2400 sed
1040 2365 1153 2400 etiam
1164 2366 1311 2412 Regina
1330 2367 1458 2402 civitas
1478 2367 1541 2402 ad—

182 2409 360 2443 flaretur‘.
410 2411 505 2443 Serv.
521 2411 568 2443 ad
586 2410 708 2454 Ver-qil.
726 2411 850 2454 Georq.
865 2410 884 2444 I
896 2410 974 2445 472.

249 2454 293 2487 46
336 2480 343 2487 .
359 2481 366 2487 .
383 2481 390 2488 .
416 2454 512 2489 Nam
537 2455 635 2499 quod
661 2455 705 2490 de
725 2455 883 2490 Caesare
909 2455 1039 2490 maiori
1061 2455 1172 2501 volgo
1193 2456 1370 2491 dictatum
1390 2461 1445 2492 est
1464 2461 1501 2492 et
1521 2469 1542 2492 a

185 2499 269 2533 Tito
319 2499 389 2534 ivio
404 2500 573 2543 positum,
600 2500 637 2534 in
650 2500 788 2535 incerto
803 2512 894 2544 esse,
921 2504 1043 2534 utrum
1056 2501 1159 2535 illum
1173 2502 1291 2547 magis
1305 2503 1407 2537 nasci
1421 2503 1541 2548 reipu—

182 2545 303 2579 blicae
317 2544 496 2591 profuerit
510 2556 557 2579 an
570 2556 644 2579 non
656 2546 770 2589 nasci,
787 2546 859 2580 dici
873 2546 984 2581 etiam
998 2547 1042 2581 de
1056 2547 1174 2581 ventis
1187 2551 1320 2592 potest.
1352 2550 1394 2582 L.
1410 2552 1542 2583 Seneca

182 2596 252 2623 nat.
266 2596 394 2634 quaest.
409 2589 444 2624 V
458 2591 510 2624 18.

253 2636 305 2679 su)
332 2634 372 2669 C.
387 2634 502 2668 Iulius
515 2635 653 2670 Caesar
672 2646 698 2669 V
718 2639 756 2670 et
773 2636 823 2670 M.
837 2636 1032 2670 Antonius.
1081 2637 1149 2670 His
1170 2639 1381 2673 consulibus
1400 2640 1448 2673 M.
1464 2641 1538 2674 An-

181 2680 302 2714 tonius
316 2680 584 2725 Lupercalibus
606 2681 698 2716 sella
717 2693 830 2716 aurea
848 2682 991 2717 sedenti
1010 2681 1161 2717 Caesari
1182 2683 1354 2720 diadema
1371 2687 1540 2721 renuenti
