1804 2926
235 403 275 431 14

236 594 274 622 15

253 1156 271 1185 [Ο

261 1280 279 1310 0²

261 1594 280 1623 U*

259 2156 278 2184 VJ<

260 2466 278 2495 ξ)

303 161 382 202 176
572 169 726 203 LIBER
751 169 950 213 xxxxv,
976 170 1030 203 ⁴26.
1051 169 1106 203 27.
1136 171 1232 212 [mu.
1249 180 1277 202 C.
1294 169 1376 212 587]

302 274 563 321 Taulantios,
589 272 931 314 Dassaretiorum
955 273 1160 319 Pirustas,
1188 272 1445 322 Rhizonitas,
1473 271 1659 313 Olcinia—

301 343 384 384 tas,
433 336 547 388 quod
590 335 789 376 incolumi
834 335 989 377 Gentio
1038 336 1092 376 ad
1135 336 1348 376 Romanos
1397 334 1658 376 defecissent.

301 397 502 439 Daorseis
528 412 697 451 quoque
729 398 1036 438 immunitatem
1061 399 1179 447 darc,
1213 398 1326 451 quod
1359 397 1502 438 relicto
1529 395 1661 438 Cara-

299 459 440 500 vantio
467 474 561 501 cum
586 460 712 501 armis
738 460 791 500 ad
816 460 1029 501 Romanos
1055 460 1312 501 transissent.
1353 459 1659 501 Scodrensibus

301 529 342 563 et
360 522 695 563 Dassarensibus
722 530 760 563 et
783 522 1036 577 Selepitanis
1063 523 1294 575 ceterisque
1316 519 1455 576 illyris
1480 520 1658 575 vectigal

302 584 523 625 dimidium
544 583 810 639 [inpositum]
835 584 938 633 eius,
963 585 1077 637 quod
1101 585 1190 639 regi
1214 584 1526 639 pependissent,
1563 582 1660 623 inde

299 647 343 688 in
376 654 459 688 tres
490 654 631 701 partes
661 647 879 701 Illyricum
915 646 1069 687 divisit.
1135 662 1262 687 unam
1294 662 1386 687 eam
1423 646 1522 687 fecit
1553 659 1664 699 quac

302 723 429 763 supra
455 709 566 749 dicta
592 715 672 757 est,
707 709 881 749 alteram
906 707 1120 749 Labeatas
1146 708 1300 757 onmis,
1332 708 1495 749 tertiam
1520 707 1662 762 Agra-

301 772 465 812 vonitas
502 779 541 812 et
580 771 826 812 Rhizonitas
863 779 901 812 ct
940 770 1175 812 Olciniatas
1219 771 1466 824 accolasque
1503 784 1660 811 eorum.

300 833 379 875 hac
416 834 598 874 formula
640 834 751 875 dicta
788 834 976 888 lllyricQ
1020 834 1109 888 ipse
1145 833 1267 888 Epiri
1302 833 1583 874 Passaronem
1618 832 1661 873 in

302 895 478 936 hiberna
502 895 637 936 rediit.

386 957 586 999 XXVII.
625 957 743 997 Dum
770 958 873 998 haec
898 958 941 998 in
954 958 1123 1012 Illyrico
1143 966 1360 1012 geruntur,
1385 957 1546 998 Paulus
1566 963 1662 997 ante

300 1020 528 1061 adventum
554 1020 698 1061 decem
722 1020 958 1075 legatorum
985 1020 1039 1072 Q.
1066 1020 1305 1061 Maximum
1329 1020 1474 1068 filium,
1500 1020 1583 1060 iam
1608 1018 1662 1059 ab

300 1083 438 1124 Roma
470 1097 728 1137 regressum,
766 1083 818 1123 ad
850 1083 1082 1137 Aeginium
1115 1090 1153 1123 et
1179 1083 1370 1138 Agassas
1407 1081 1662 1136 diripiendas

300 1145 443 1186 mittit:
481 1145 694 1199 Agassas,
733 1145 846 1199 quod
879 1161 975 1186 cum
1006 1145 1170 1186 Marcio
1202 1145 1363 1186 consuli
1394 1144 1662 1186 tradidissent

301 1208 449 1249 urbem
479 1208 609 1262 petita
640 1208 749 1248 ultro
782 1208 979 1249 societate
1004 1208 1217 1257 Romana,
1255 1207 1495 1249 defecerant
1518 1221 1662 1247 rursus

302 1271 355 1312 ad
379 1271 556 1320 Persea3
588 1270 912 1325 Aeginiensium
942 1286 1099 1311 novum
1126 1271 1282 1311 crimen
1307 1278 1414 1312 erat:
1446 1270 1584 1310 famae
1609 1268 1662 1310 dc

302 1334 476 1375 victoria
512 1334 800 1374 Romanorum
836 1333 963 1375 fidem
998 1348 1084 1374 non
1119 1333 1342 1382 habentes,
1378 1333 1421 1373 in
1457 1331 1662 1386 quosdam

303 1397 482 1437 militum
513 1396 661 1437 urbem
692 1396 903 1450 ingressos
942 1396 1147 1437 hostiliter
1183 1396 1430 1437 saevierant.
1492 1394 1546 1435 ad
1574 1394 1662 1435 Ae-

302 1459 465 1499 niorum
492 1472 659 1512 quoque
690 1459 838 1499 urbem
864 1458 1140 1512 diripiendam
1166 1458 1218 1498 L.
1244 1457 1513 1499 Postumium
1537 1456 1662 1505 misit,

302 1521 416 1574 quod
436 1520 688 1575 pertinacius
703 1534 830 1573 quain
846 1520 1060 1561 finitumae
1076 1521 1263 1561 civitates
1278 1520 1321 1560 in
1336 1520 1460 1560 armis
1481 1519 1660 1560 fuerant.

304 1582 494 1623 autumni
525 1582 611 1622 fere
644 1589 809 1636 tempus
841 1588 948 1629 erat,
982 1582 1100 1622 cuius
1131 1582 1328 1636 temporis
1358 1581 1473 1622 initio
1500 1581 1553 1621 ad
1583 1580 1662 1621 cir-

304 1645 583 1693 cumeundam
605 1643 829 1685 Graeciam
855 1644 1112 1697 visendaque
1134 1643 1282 1699 [quae]
1305 1644 1524 1685 nobilitata
1547 1643 1662 1684 fama

303 1708 461 1748 maiora
492 1707 662 1748 auribus
695 1714 867 1761 accepta
900 1714 996 1747 sunt
1026 1721 1154 1760 quam
1180 1707 1309 1747 oculis
1341 1710 1570 1747 nos‘cuntur
1599 1705 1662 1746 uti

304 1770 460 1811 statuit.
526 1769 764 1824 praeposito
804 1769 948 1809 castris
981 1767 1030 1810 C.
1064 1768 1252 1823 Sulpicio
1286 1768 1412 1810 Gallo
1447 1768 1661 1823 profectus

304 1849 401 1875 cum
436 1833 539 1873 haut
574 1847 729 1886 magno
768 1831 988 1881 cmnitatu,
1025 1832 1264 1886 tegentibus
1300 1832 1432 1873 latera
1464 1831 1661 1886 Scipione

304 1896 387 1936 filio
420 1902 461 1936 et
485 1894 708 1935 Athenaeo
742 1894 946 1935 Eumenis
983 1894 1094 1948 regis
1131 1894 1258 1935 fratre
1296 1893 1662 1948 perThessaliam

303 1957 494 2012 Delphos
519 1957 641 2011 petit,
667 1956 870 2010 inclytum
897 1957 1132 2005 oraculum3
1159 1956 1231 1996 ubi
1257 1956 1458 1997 sacrificio
1472 1954 1662 2010 Apollini

303 2020 415 2061 facto
441 2019 656 2060 inchoatas
686 2019 730 2059 in
755 2019 963 2060 vestibulo
989 2019 1226 2068 columnas,
1259 2019 1410 2072 quibus
1442 2017 1663 2073 inposituri

304 2090 462 2123 statuas
486 2081 597 2136 regis
617 2081 763 2123 Persei
787 2082 966 2131 fuerant,
993 2081 1078 2121 suis
1104 2081 1251 2121 statuis
1270 2081 1402 2122 victor
1427 2080 1660 2122 destinavit.

306 2144 522 2186 Lebadiae
547 2158 715 2197 quoque
740 2145 944 2198 templum
964 2143 1076 2184 Iovis
1097 2143 1328 2198 Trophonii
1353 2143 1458 2192 adit3
1483 2142 1541 2183 ibi
1566 2157 1662 2184 cum

306 2208 479 2248 vidisset
504 2221 549 2247 os
576 2221 746 2261 specus,
779 2222 854 2261 per
887 2206 999 2260 quod
1025 2206 1192 2246 oraculo
1218 2212 1381 2246 utentes
1407 2205 1661 2246 sciscitatum

306 2271 405 2310 deos
427 2270 700 2318 descendunt,
726 2269 929 2310 sacrificio
944 2268 1036 2309 Iovi
1050 2269 1387 2322 Hercynnaeque
1407 2267 1532 2316 facto,
1559 2281 1663 2320 quo-

306 2347 398 2370 rum
423 2332 481 2371 ibi
513 2332 715 2386 templum
741 2339 822 2381 est,
851 2330 1096 2372 Chalcidem
1123 2331 1175 2371 ad
1201 2330 1487 2385 spectaculum
1511 2329 1663 2383 Euripi

306 2392 592 2446 Euboeaeque
636 2401 776 2435 tantae
818 2393 999 2441 insulae,
1043 2400 1169 2447 ponte
1215 2392 1442 2433 continenti
1482 2391 1661 2439 iunctae,

308 2454 535 2495 descendit.
601 2471 626 2496 a
663 2455 866 2497 Chalcide
903 2455 1104 2496 Aulidem
1141 2455 1296 2503 traicit,
1339 2454 1464 2494 trium
1499 2453 1661 2494 milium

308 2517 442 2571 spatio
488 2516 731 2566 distantem,
779 2526 945 2571 portum
989 2517 1192 2572 inclytum
1236 2517 1413 2558 statione
1449 2515 1662 2569 quondam

308 2579 419 2619 mille
457 2577 628 2618 navium
666 2579 1028 2632 Agamemnoniae
1067 2579 1230 2627 classis,
1267 2578 1516 2630 Dianaeque
1558 2584 1661 2617 tem-

309 2640 443 2696 plum,
481 2640 553 2680 ubi
582 2640 759 2681 navibus
791 2655 958 2681 cursum
991 2641 1044 2682 ad
1069 2641 1241 2682 Troiani
1271 2641 1356 2681 filia
1387 2639 1555 2680 victima
1580 2637 1660 2678 aris
