1804 2926
216 536 254 566 10

219 722 253 751 11

239 909 253 938 1

240 1157 257 1186 2

242 1593 261 1621 4

281 160 362 200 144
535 166 689 201 Limen
714 167 962 212 xxxxnu,
989 168 1042 201 38.
1064 167 1117 201 39.
1147 169 1195 210 [a.
1212 168 1386 210 masse]

279 272 425 312 itincre
462 271 684 324 fatigatum
729 279 766 312 et
810 285 933 312 onere
977 271 1153 318 fessum,
1196 271 1432 312 madentem
1470 271 1634 320 sudore,

279 333 491 374 arentibus
520 333 585 373 siti
610 333 822 382 faucibu&
857 349 926 374 ore
953 341 1078 386 atque
1103 334 1233 375 oeulis
1258 334 1426 388 repletis
1449 334 1635 388 pulvere,

279 403 461 437 torrente
493 395 722 436 meridiano
754 396 860 444 sole,
898 396 1006 436 hosti
1037 396 1192 436 obicias
1223 395 1398 444 recenti,
1435 395 1636 449 requieto,

280 457 352 510 qui
382 458 497 498 nulla
526 472 570 498 re
603 464 697 498 ante
731 465 970 498 eonsumtas
996 458 1103 498 vires
1130 458 1182 498 ad
1213 457 1417 512 proelium
1449 457 1638 498 adferat?

280 520 386 573 quis,
412 534 487 575 pro
513 520 638 560 deum
663 520 802 569 fidem,
827 519 885 560 ita
910 529 1173 573 conparatus,
1199 521 1265 560 vel
1290 520 1399 560 iners
1426 532 1550 572 atque
1575 519 1638 560 in-

280 580 414 631 bellis,
441 582 715 622 fortissimum
741 581 877 622 virum
893 579 1018 635 [non]
1035 581 1203 622 vicerit?
1234 582 1334 634 quid
1359 581 1472 634 quod
1498 580 1637 622 hostes

280 658 356 698 per
387 659 598 685 summum
629 644 759 684 otium
790 643 1069 684 instruxerant
1096 644 1248 693 aciem,
1285 650 1638 698 praeparaverant

281 706 462 755 animos,
499 706 664 747 stabant
692 706 896 760 conpositi
927 706 1012 746 suis
1037 706 1215 759 quisque
1241 706 1478 755 ordinibus,
1514 704 1636 746 nobis

282 776 382 809 tunc
413 776 583 823 repente
610 768 904 822 trepidandum
935 768 978 808 in
1003 768 1091 808 acie
1117 768 1363 809 instruenda
1394 776 1480 809 erat
1508 774 1545 809 et
1572 767 1636 808 in-

282 831 522 885 compositis
549 831 906 871 concurrendum?

368 892 665 933 XXXVIIII.
710 892 769 931 At
806 891 973 933 hercule
1010 891 1143 932 aciem
1179 891 1348 944 quidem
1384 892 1639 932 inconditam

281 953 644 1007 inordinatamque
683 953 996 1001 habuissemus,
1034 961 1169 993 castra
1205 953 1386 1002 munita,
1429 954 1640 1007 provisam

282 1011 562 1069 aquationem,
588 1023 725 1056 tutum
745 1016 799 1056 ad
821 1031 914 1056 eam
938 1015 1015 1056 iter
1033 1015 1250 1070 praesidiis
1271 1016 1472 1070 inpositis,
1499 1016 1642 1070 explo-

283 1087 374 1119 rata
398 1078 507 1119 cirea
533 1078 673 1119 onmia
682 1094 692 1127 3
719 1093 772 1118 an
790 1077 891 1118 nihil
917 1077 1047 1118 nostri
1071 1077 1272 1118 habentes
1298 1086 1463 1132 praeter
1480 1078 1640 1118 nudum

284 1156 492 1196 campum,
518 1140 561 1181 in
586 1155 669 1194 quo
695 1140 1006 1195 pugnaremus?
1031 1140 1209 1181 maiores
1234 1140 1362 1181 vestri
1388 1148 1524 1181 castra
1548 1154 1641 1180 mu-

282 1204 370 1245 nita
410 1212 579 1258 portum
622 1203 674 1244 ad
712 1202 846 1243 omnis
884 1217 1005 1243 casus
1043 1202 1248 1243 exereitus
1292 1202 1501 1243 ducebant
1537 1217 1640 1251 esse,

284 1266 395 1307 unde
422 1266 475 1306 ad
500 1281 687 1320 pugnam
713 1265 894 1314 exirent,
927 1279 1008 1318 quo
1035 1264 1177 1305 iactati
1202 1272 1448 1319 tempestate
1473 1279 1641 1319 pugnae

285 1336 498 1382 receptum
523 1328 738 1368 haberent.
777 1327 871 1368 ideo
898 1342 993 1367 eum
1019 1326 1288 1368 munimentis
1310 1342 1359 1368 ea
1379 1326 1641 1381 saepsissent,

286 1391 492 1446 praesidio
517 1404 684 1443 quoque
711 1390 849 1431 valido
875 1389 1111 1438 firmabant,
1136 1389 1250 1442 quod
1274 1389 1347 1443 qui
1372 1389 1516 1430 eastris
1541 1403 1642 1430 exu-

285 1463 351 1493 tus
378 1460 485 1500 erat,
513 1452 674 1493 etiamsi
698 1452 928 1506 pugnando
954 1451 1041 1492 acie
1067 1451 1253 1501 vicisset,
1279 1466 1353 1506 pro
1380 1452 1489 1492 victo
1514 1451 1642 1492 habe-

285 1522 410 1556 retur.
449 1522 584 1555 eastra
610 1522 705 1554 sunt
732 1514 879 1554 victori
903 1514 1228 1568 receptaculum,
1254 1514 1362 1554 vieto
1388 1513 1640 1567 perfugium.

288 1592 414 1630 quam
450 1576 569 1616 multi
607 1575 833 1624 exereitus,
877 1575 1029 1629 quibus
1067 1574 1204 1615 minus
1241 1589 1441 1630 prospera
1475 1588 1642 1629 pugnae

287 1640 455 1680 fortuna
479 1638 578 1686 fuit,
615 1638 723 1678 intra
749 1638 905 1678 vallum
931 1638 1137 1692 conpulsi,
1174 1644 1361 1691 tempore
1387 1651 1483 1686 suo,
1515 1637 1644 1678 inter-

288 1701 388 1742 dum
425 1707 636 1741 momento
673 1708 786 1754 post,
830 1700 1046 1755 eruptione
1088 1700 1200 1740 facta
1236 1699 1438 1740 victorem
1480 1699 1643 1739 hostem

288 1764 562 1819 pepulerunt?
593 1763 728 1817 patria
754 1763 884 1803 altera
904 1770 965 1804 est
991 1762 1178 1803 militaris
1204 1761 1307 1803 haee
1328 1762 1446 1803 sedes
1467 1761 1644 1802 vallum-

289 1841 370 1880 que
395 1840 470 1880 pro
489 1825 707 1866 moenibus
730 1832 768 1866 et
796 1825 1018 1865 tentorium
1037 1840 1160 1865 suum
1181 1824 1331 1877 cuique
1356 1823 1477 1864 militi
1496 1823 1644 1864 domus

290 1903 338 1929 ae
369 1895 541 1942 penates
573 1895 681 1928 sunt.
744 1887 832 1928 sine
863 1888 949 1928 ulla
974 1887 1072 1928 sede
1098 1886 1195 1941 vagi
1229 1886 1563 1934 dimicassemus,
1599 1895 1645 1926 ut

290 1966 372 2004 quo
398 1951 574 1991 victores
606 1964 682 1990 nos
713 1950 1019 2004 reciperemus?
1067 1948 1130 1989 his
1162 1948 1480 1989 difficultatibus
1506 1955 1546 1989 et
1569 1948 1646 1988 im-

289 2012 538 2067 pedimentis
569 2026 738 2066 pugnae
770 2011 875 2052 illud
905 2011 1142 2066 opponitur.
1203 2011 1304 2064 quid
1336 2010 1370 2051 si
1407 2010 1537 2051 hostis
1568 2010 1647 2051 hae

289 2074 532 2128 interposita
563 2083 685 2115 noete
717 2074 898 2115 abisset?
940 2080 1144 2127 quantum
1175 2088 1317 2114 rursus
1351 2073 1566 2126 sequendo
1597 2086 1646 2114 eo

293 2137 459 2191 penitus
490 2136 532 2177 in
569 2137 759 2177 ultimam
791 2137 1091 2178 BIacedoniam
1127 2135 1457 2177 exhauriendum
1493 2135 1646 2176 laboris

250 2215 264 2242 ῖ
293 2199 399 2240 erati
438 2213 516 2253 ego
548 2206 689 2240 autem
706 2208 857 2252 ‘neque
889 2206 1134 2239 mansurum
1159 2213 1256 2239 eum
1279 2211 1415 2250 neque
1446 2197 1489 2238 in
1514 2197 1645 2238 aciem

293 2261 433 2315 copias
467 2261 716 2302 educturum
752 2262 882 2303 fuisse
915 2269 1074 2303 eertum
1106 2260 1261 2309 habeo,
1299 2260 1333 2301 si
1369 2260 1515 2302 cedere
1551 2260 1648 2301 hine

293 2323 518 2363 statuisset.
578 2332 734 2377 quanto
767 2324 877 2365 enim
908 2323 1072 2364 facilius
1106 2322 1220 2364 abire
1245 2322 1344 2372 fuit,
1381 2337 1476 2363 euin
1500 2322 1646 2377 procul

295 2384 554 2432 abcsscmus‚
586 2400 715 2438 quam
744 2401 875 2435 nune,
907 2401 1002 2426 eum
1033 2385 1075 2426 in
1108 2384 1339 2426 cervicibus
1364 2384 1533 2425 sumus?
1569 2399 1646 2426 nec

294 2445 437 2485 fallere
462 2460 536 2485 nes
562 2446 741 2488 interdiu
767 2456 837 2488 aut
863 2457 985 2489 noete
1005 2446 1221 2502 abeund[0
1240 2450 1389 2502 potest.
1426 2447 1528 2500 quid
1552 2444 1647 2500 au]-

295 2516 379 2548 tem
404 2513 465 2546 est
494 2507 614 2547 nobis
640 2510 822 2561 optatius
854 2525 981 2563 quam
1011 2517 1053 2550 ut
1089 2524 1266 2562 quorum
1299 2517 1433 2550 eastra
1463 2508 1648 2562 praealta

296 2569 477 2610 fluminis
503 2569 592 2622 ripa
617 2578 725 2619 tuta,
761 2572 870 2611 vallo
896 2572 1066 2626 insuper
1096 2580 1240 2626 saepta
1268 2569 1354 2626 [ac]
1382 2570 1536 2611 crebris
1561 2580 1647 2609 tur-

297 2632 431 2680 ribus,
463 2644 706 2685 oppugnare
738 2633 871 2673 adorti
897 2647 1060 2682 sumus,
1092 2646 1163 2675 eos
1188 2633 1341 2674 relictis
1366 2631 1646 2674 munimentis.
