1804 2926
198 554 216 580 (ἰ

199 678 214 706 *1

176 1362 214 1391 10

176 1610 214 1638 11

197 2170 215 2199 N)

200 2417 218 2445 3

241 177 265 218 8
546 186 698 219 LIBER
724 185 912 229 xxxxl,
938 187 970 219 s.
991 187 1022 218 ς).
1052 186 1290 229 [mamm

240 290 369 345 legati
396 289 645 339 Sardorum,
682 290 754 344 qui
786 290 839 330 ad
863 304 994 331 novos
1019 289 1287 344 magistratus
1320 290 1435 331 dilati
1466 300 1596 339 erant,

242 353 295 394 L.
327 353 542 394 Minucius
574 352 804 401 Thermus,
843 352 914 406 qui
950 353 1113 406 legatus
1149 352 1302 393 Manlii
1338 354 1518 395 consulis
1554 354 1594 394 in

244 416 405 457 Histria
429 416 584 464 fuerat,
609 415 651 456 in
677 424 867 456 senatum
894 415 1019 456 venit.
1080 415 1133 455 ab
1159 415 1222 455 his
1249 415 1420 457 edoctus
1446 423 1506 458 cst
1532 431 1596 457 sc-

243 487 378 526 natus,
404 486 607 532 quantum
634 478 732 519 belli
757 493 829 518 cae
855 478 1093 532 provinciae
1120 477 1333 519 haberent.

328 541 556 582 Moverunt
584 547 775 581 senatum
801 549 838 581 et
864 540 1095 593 legationes
1123 540 1281 581 socium
1306 540 1484 581 nominis
1511 540 1597 581 La-

241 603 335 652 tini,
372 617 480 657 quae
514 610 554 644 et
591 617 783 644 censores
816 609 854 643 et
891 602 1047 657 priores
1080 603 1271 644 consules
1302 603 1596 657 fatigaverant,

242 665 412 707 tandem
431 666 474 706 in
496 673 687 706 senatum
706 664 980 705 introductae.
1013 680 1174 705 summa
1196 666 1476 718 querellarum
1496 673 1597 713 crat,

243 728 354 769 cives
377 742 474 768 suos
489 728 650 768 Romae
671 742 816 768 censos
841 727 1063 781 plerosque
1078 727 1257 768 Romam
1280 728 1596 782 commigrasse:

241 789 354 842 quod
375 789 408 829 si
433 789 709 844 permittatur,
735 789 955 843 perpaucis
979 788 1119 829 lustris
1141 789 1343 838 futurum,
1369 797 1413 830 ut
1434 790 1599 830 deserta

243 851 416 905 oppida,
450 851 603 892 deserti
629 851 719 904 agri
744 851 904 891 nullum
931 851 1103 891 militem
1129 851 1227 891 dare
1253 860 1435 905 possent.
1495 851 1599 892 Fre-

240 913 373 967 gellas
398 927 565 966 quoque
598 912 711 952 inilia
741 920 939 966 quattuor
971 912 1226 952 familiarum
1252 913 1449 954 transisse
1475 914 1528 954 ab
1554 929 1598 954 se

243 974 454 1016 Samnites
479 974 757 1028 Paelignique
789 975 1072 1027 querebantur
1107 988 1244 1027 neque
1276 989 1324 1015 eo
1357 975 1494 1015 minus
1527 984 1600 1016 aut

240 1036 314 1077 hos
347 1045 419 1077 aut
455 1037 547 1077 illos
583 1037 625 1076 in
657 1036 855 1077 dilectum
887 1036 1066 1076 militum
1100 1036 1212 1077 dare.
1273 1052 1428 1091 genera
1459 1046 1598 1078 autem

239 1099 398 1139 fraudis
425 1099 508 1139 duo
533 1098 761 1139 mutandae
785 1098 939 1139 viritim
965 1098 1142 1139 civitatis
1168 1099 1340 1140 inducta
1365 1107 1495 1140 erant.
1531 1100 1599 1141 lex

240 1161 362 1202 sociis
388 1160 476 1215 (ac)
501 1160 680 1201 nominis
706 1160 869 1209 Latini,
902 1160 973 1213 qui
1006 1160 1177 1215 stirpem
1203 1176 1255 1202 ex
1281 1176 1371 1202 sese
1398 1161 1510 1202 domi
1534 1177 1600 1203 re-

239 1224 488 1276 linquerent,
515 1223 656 1272 dabat,
681 1230 728 1263 ut
753 1223 865 1264 cives
891 1223 1072 1264 Romani
1096 1223 1255 1264 fierent.
1300 1238 1349 1264 ea
1373 1224 1466 1278 lege
1491 1224 1599 1265 male

240 1286 396 1327 utendo
423 1285 492 1326 alii
512 1285 648 1334 sociis,
675 1285 743 1325 alii
768 1285 924 1340 populo
938 1285 1130 1326 Romano
1155 1285 1350 1326 iniuriam
1375 1286 1598 1327 faciebant.

239 1364 337 1388 nam
363 1355 403 1389 et
433 1362 485 1389 ne
518 1348 688 1402 stirpem
716 1347 828 1388 domi
859 1347 1163 1401 relinquerent,
1195 1347 1348 1389 liberos
1379 1363 1476 1389 suos
1507 1348 1600 1401 qui-

240 1411 475 1465 busquibus
501 1411 702 1452 Roma-nis
734 1411 776 1451 in
802 1426 894 1452 eam
921 1411 1228 1459 condicionem,
1260 1420 1307 1452 ut
1330 1412 1600 1453 manumitte-

241 1481 403 1522 rentur,
447 1474 656 1528 maneipio
694 1474 869 1522 dabant,
912 1474 1178 1528 libertinique
1215 1474 1327 1516 cives
1365 1482 1522 1523 essent3
1559 1482 1600 1515 et

241 1535 395 1589 quibus
422 1535 569 1589 stirpes
597 1535 780 1584 deesset,
812 1550 939 1589 quam
971 1536 1272 1590 relinquerent,
1303 1545 1350 1578 ut
1376 1537 1487 1577 cives
1512 1536 1600 1577 Ro-

241 1599 354 1639 mani
378 1598 539 1647 fierent,
567 1597 598 1653 [.
616 1629 625 1638 .
642 1629 650 1638 .
668 1596 713 1652 ..]
763 1606 909 1653 postea
935 1599 998 1639 his
1025 1614 1192 1652 quoque
1217 1599 1471 1653 imaginibus
1497 1600 1597 1640 iuris

243 1660 411 1715 spretis,
437 1660 674 1714 promiscue
700 1660 788 1701 sine
812 1661 919 1715 lege,
945 1661 1033 1702 sine
1058 1661 1184 1716 stirpe
1209 1661 1252 1702 in
1277 1661 1487 1702 civitatem
1513 1661 1599 1702 Ro-

242 1738 409 1763 manam
434 1737 508 1776 per
532 1722 825 1777 migrationem
850 1732 889 1764 et
915 1738 1085 1764 censum
1111 1724 1356 1765 transibant.
1416 1724 1520 1765 haec
1545 1740 1597 1766 nc

240 1792 386 1839 postca
410 1785 558 1825 fierent
582 1785 782 1839 petebant
805 1785 933 1839 legati
960 1793 1000 1826 et
1023 1793 1070 1826 ut
1094 1786 1229 1827 redire
1253 1786 1296 1827 in
1323 1786 1510 1827 civitates
1534 1786 1598 1826 iu-

240 1847 387 1887 berent
418 1847 569 1895 socios3
608 1846 777 1896 deinde,
814 1857 860 1888 ut
890 1848 983 1902 lege
1015 1856 1228 1896 caverent,
1259 1863 1312 1889 ne
1344 1848 1436 1901 quis
1469 1862 1595 1901 quem

242 1908 418 1949 civitatis
440 1909 664 1949 mutandae
686 1924 812 1950 causa
833 1924 954 1950 suum
975 1910 1129 1951 faceret
1144 1925 1250 1951 neve
1271 1910 1482 1958 alienaret,
1503 1918 1541 1951 et
1564 1910 1598 1950 si

240 1971 332 2024 quis
358 1971 416 2011 ita
442 1971 543 2011 civis
568 1970 784 2011 Romanus
811 1971 947 2013 faetus
973 1984 1094 2021 esset,
1117 1966 1186 2022 [id
1210 1980 1348 2013 ratum
1373 1988 1426 2014 ne
1453 1971 1597 2027 esset]

241 2032 344 2074 haec
369 2032 591 2086 impetrata
615 2032 668 2073 ab
694 2040 855 2074 senatu.

327 2095 481 2136 VHH.
515 2094 766 2136 Provinciae
793 2096 963 2145 deinde,
989 2110 1097 2150 quae
1126 2097 1167 2137 in
1200 2097 1309 2138 bello
1335 2105 1473 2146 erant,
1499 2095 1599 2138 Sar-

242 2157 355 2197 dinia
379 2164 504 2210 atque
526 2157 686 2198 Histria
712 2157 916 2200 decretae.
954 2159 996 2199 in
1019 2158 1259 2201 Sardiniam
1280 2159 1387 2201 duae
1412 2160 1599 2214 legiones

243 2220 366 2260 scribi
399 2220 557 2269 iussae,
595 2220 723 2273 quina
752 2221 867 2262 milia
896 2221 940 2262 in
965 2222 1152 2276 singulas
1178 2230 1218 2264 et
1243 2222 1392 2263 duceni
1423 2223 1599 2277 pediteS,

242 2282 400 2322 treceni
425 2282 604 2335 equites,
637 2291 675 2323 et
708 2283 929 2325 duodecim
960 2285 1075 2325 milia
1105 2285 1294 2339 peditum
1319 2285 1525 2326 sociorum
1551 2299 1600 2326 ac

243 2342 389 2383 Latini
419 2343 598 2384 nominis
630 2352 671 2385 et.
702 2346 879 2386 sescenti
913 2346 1074 2399 equites
1106 2354 1147 2388 et
1178 2347 1322 2388 decem
1349 2348 1600 2400 quinquere-

244 2419 332 2444 mes
357 2419 504 2452 naves,
539 2406 573 2445 si
598 2406 804 2447 deducere
831 2424 882 2448 ex
907 2409 1127 2449 navalibus
1153 2410 1290 2450 vellet.
1339 2409 1600 2450 tantumdem

244 2465 432 2520 peditum
457 2466 727 2519 equitumque
752 2468 794 2508 in
814 2470 1033 2519 Histriam,
1058 2478 1262 2524 quantum
1285 2471 1329 2512 in
1349 2470 1601 2518 Sardiniam,

247 2528 473 2568 decretum.
534 2536 575 2568 et
598 2529 807 2582 legionem
833 2547 960 2572 unam
985 2547 1080 2573 cum
1107 2534 1316 2586 equitibus
1341 2534 1536 2575 trecentis
1560 2539 1602 2573 et

247 2589 432 2643 quinque
468 2590 582 2631 milia
618 2592 805 2645 peditum
838 2595 1044 2634 sociorum
1083 2604 1121 2636 et
1160 2596 1360 2637 ducentos
1396 2596 1602 2648 quinqua-

249 2652 363 2705 ginta
390 2651 553 2693 mittere
580 2652 738 2705 equites
769 2654 809 2694 in
838 2656 1086 2710 Hispaniam
1113 2659 1303 2699 consules
1330 2659 1382 2699 ad
1408 2659 1470 2697 M.
1497 2657 1602 2696 Titi-
