1804 2926
487 139 640 173 LIBER
663 137 865 181 xxxxv,
892 137 946 170 31.
968 136 1023 170 32.
1050 136 1156 178 [ac
1173 137 1256 179 161]
1468 127 1546 168 181

195 246 258 286 his
279 244 398 286 editis
416 242 654 283 nominibus
677 241 837 282 evocati
856 240 1002 281 litteris
1023 240 1284 295 imperatoris
1310 256 1361 281 ex
1380 240 1551 281 Aetolia

194 305 519 358 Acarnaniaque
546 311 585 345 et
617 303 747 358 Epiro
780 310 821 344 et
845 303 1040 349 Boeotia,
1074 303 1143 356 qui
1170 303 1348 344 Romam
1374 303 1427 343 ad
1453 318 1551 343 cau-

194 384 282 410 sam
308 367 527 409 dicendam
554 373 838 419 sequerentur.
886 365 929 405 in
955 365 1161 406 Achaiam
1189 380 1240 407 ex
1266 366 1411 407 decem
1436 365 1552 419 lega-

192 439 329 472 torum
354 442 527 469 numero
553 427 730 482 profecti
756 427 852 476 duo,
875 426 923 468 C.
943 426 1146 468 Claudius
1168 438 1206 469 et
1224 426 1303 468 Cn.
1318 427 1547 476 Domitius,

192 499 237 533 ut
276 491 356 546 ipsi
387 491 523 532 edicto
555 496 791 531 evocarent.
851 489 893 530 id
926 490 1089 530 duabus
1122 490 1173 531 de
1207 490 1342 531 causis
1375 490 1548 537 factum,

191 569 294 602 una,
331 553 445 607 quod
478 551 656 593 fiduciae
689 552 783 606 plus
815 552 1133 605 animorumque
1166 567 1255 593 esse
1281 551 1465 593 Achaeis
1496 552 1550 592 ad

191 631 276 656 non
310 615 544 669 parendum
576 614 821 662 credebant,
861 622 900 655 et
932 614 1105 655 forsitan
1137 615 1262 655 etiam
1292 613 1333 654 in
1364 614 1549 668 periculo

191 679 279 719 fore
307 676 563 718 Callicraten
595 684 636 718 ct
667 684 826 717 ceteros
853 676 1075 717 criminum
1101 684 1291 717 auctores
1324 676 1550 717 delatores-

191 755 291 794 que3
318 741 448 781 altera
475 754 548 780 cur
572 747 812 794 praesentes
839 747 1062 780 evocarent
1088 754 1215 779 causa
1235 746 1335 787 erat,
1361 738 1475 791 quod
1497 753 1547 779 ex

191 803 281 843 aliis
306 803 502 857 gentibus
528 802 765 856 principum
790 802 947 842 litteras
975 801 1200 856 deprensas
1225 802 1267 842 in
1293 808 1550 842 commenta-

191 865 260 906 riis
285 865 410 919 regiis
436 865 662 913 habebant,
688 865 730 905 in
755 863 940 905 Achaeis
967 879 1138 905 caecum
1164 871 1250 905 erat
1278 863 1432 904 crimen
1458 863 1550 904 nul-

191 928 241 968 lis
267 942 410 969 eorum
436 927 582 968 litteris
608 927 801 968 inventis.

276 990 440 1030 Aetolis
473 989 652 1030 dimissis
678 989 951 1030 Acarnanum
978 990 1101 1031 citata
1127 1004 1244 1043 gens.
1288 988 1332 1030 in
1356 987 1421 1028 his
1446 987 1548 1028 nihil
1599 1007 1604 1013 ·

191 1059 390 1093 novatum
415 1052 495 1092 nisi
519 1052 631 1105 quod
656 1051 824 1092 Leucas
851 1060 1045 1106 exempta
1070 1060 1132 1092 cst
1155 1053 1425 1092 Acarnanum
1452 1065 1551 1091 con-

192 1115 298 1155 cilio.
348 1114 586 1167 quaerendo
613 1113 763 1154 deinde
788 1114 933 1161 latius,
967 1114 1039 1167 qui
1064 1114 1231 1168 publice
1257 1121 1329 1154 aut
1353 1113 1549 1168 privatim
1598 1144 1603 1151 .

191 1176 372 1230 partium
407 1176 516 1230 regis
554 1175 750 1225 fuissent,
793 1176 836 1216 111
871 1176 1020 1215 Asiam
1065 1190 1231 1228 quoquc
1269 1175 1548 1229 cognitionem

192 1238 414 1280 extendere
452 1246 490 1278 ct
528 1237 580 1277 ad
606 1237 824 1277 Antissam
860 1237 902 1277 in
934 1237 1076 1278 Lesbo
1113 1237 1250 1278 insula
1288 1237 1547 1285 diruendam,

192 1300 470 1341 traducendos
490 1299 785 1353 Elethymnam
802 1299 1047 1340 Antissaeos
1063 1299 1310 1340 Labeonem
1334 1299 1549 1348 miserunt,

191 1362 304 1415 quod
328 1362 589 1402 Antenorem
618 1361 781 1415 regium
812 1360 1092 1414 praefectum,
1126 1376 1208 1414 quo
1240 1369 1426 1415 tempore
1453 1376 1549 1402 cum

189 1424 337 1465 lembis
371 1424 479 1464 circa
505 1423 695 1464 Lesbum
721 1432 781 1464 est
813 1432 1009 1477 vagatus,
1047 1432 1171 1477 portu
1196 1435 1412 1478 receptum
1437 1439 1551 1465 com—

191 1487 397 1527 meatibus
434 1486 650 1526 iuvissent.
720 1486 803 1526 duo
842 1486 976 1527 securi
1013 1486 1201 1540 percussi
1236 1486 1313 1526 viri
1349 1486 1550 1541 insignes,
1599 1497 1612 1525 ,ῒ

191 1548 462 1589 Andronicus
488 1548 721 1589 Andronici
753 1549 861 1589 filius
887 1549 1079 1596 Aetolus,
1107 1549 1219 1601 quod
1245 1556 1406 1603 patrem
1432 1564 1552 1590 sccu—

192 1618 258 1651 tus
285 1626 401 1651 arma
426 1619 570 1651 contra
594 1610 796 1665 populum
811 1611 1050 1651 Romanum
1076 1611 1252 1659 tulisset,
1278 1611 1424 1652 etNeo
1440 1611 1552 1653 The-

191 1672 338 1717 banus,
365 1687 448 1726 quo
475 1682 644 1714 auctore
671 1673 914 1714 societatem
940 1688 1036 1714 cum
1060 1673 1191 1714 Perse
1216 1673 1451 1715 iunxerant.

275 1735 482 1775 XXXII.
520 1735 599 1776 His
625 1751 765 1777 rerum
798 1743 1066 1777 externarum
1092 1735 1399 1791 cognitionibus
1424 1736 1552 1779 inter-

191 1798 335 1852 positis
371 1798 656 1839 ]Iacedonum
700 1814 842 1839 rursus
881 1799 1133 1839 advocatum
1171 1800 1392 1840 concilium
1402 1816 1411 1848 3
1456 1815 1551 1855 pro-

191 1859 448 1908 nuntiatum,
486 1860 598 1912 quod
624 1860 676 1900 ad
703 1868 858 1901 statum
884 1861 1163 1902 Macedoniae
1192 1862 1448 1916 pertinebat,
1486 1878 1551 1903 sc-

191 1931 377 1968 natores,
415 1935 518 1974 quos
553 1922 753 1974 synedros
784 1930 955 1971 vocant,
991 1923 1192 1977 legendos
1224 1939 1334 1972 esse,
1372 1939 1549 1976 quorum

193 1983 363 2024 consilio
389 1998 454 2023 res
480 1983 648 2036 publica
673 1984 1044 2025 administraretur.
1081 1985 1251 2026 nomina
1277 1986 1427 2026 deinde
1453 1994 1550 2026 sunt

192 2044 365 2086 recitata
389 2044 625 2098 principum
639 2045 937 2093 Macedonum,
964 2060 1069 2098 quos
1095 2061 1190 2087 cum
1216 2047 1357 2088 liberis
1384 2048 1551 2089 maiori-

193 2107 270 2147 bus
303 2121 428 2160 quam
458 2106 698 2160 quindecim
730 2122 861 2148 anuos
893 2107 1000 2149 natis
1032 2108 1282 2162 praecedere
1314 2109 1358 2150 in
1382 2109 1549 2150 Italiam

193 2169 389 2223 placeret.
449 2169 491 2209 id
524 2169 656 2222 prima
682 2169 820 2223 specie
852 2184 1040 2218 saevom,
1072 2185 1169 2210 mox
1195 2170 1389 2224 apparuit
1414 2172 1552 2212 multi-

194 2231 328 2271 tudini
352 2231 638 2271 Macedonum
663 2246 738 2286 pro
763 2232 953 2273 libertate
980 2247 1056 2272 sua
1081 2247 1171 2273 esse
1197 2232 1368 2273 factum.
1418 2234 1552 2275 nomi-

193 2292 280 2332 nati
302 2300 397 2332 sunt
417 2293 528 2333 enim
548 2293 658 2347 regis
679 2293 801 2334 amici
822 2294 1137 2348 purpuratique,
1165 2294 1292 2335 duces
1306 2295 1548 2344 exercitum,

1577 503 1617 533 10

1576 751 1612 779 11

194 2355 393 2410 praefecti
414 2355 584 2395 navium
605 2364 675 2396 aut
700 2356 1015 2410 praesidiorum,
1042 2357 1196 2398 servire
1214 2357 1303 2411 regi
1322 2357 1546 2407 humiliter,
1574 2372 1592 2399 5

194 2418 283 2458 aliis
310 2417 488 2471 superbe
513 2418 717 2472 imperare
743 2418 922 2467 adsueti3
949 2419 1199 2473 praedivites
1226 2419 1316 2468 alii,
1342 2420 1415 2469 ali,
1442 2435 1547 2474 quos

194 2480 361 2520 fortuna
385 2495 469 2520 non
495 2488 740 2533 aequarent,
772 2480 836 2521 his
863 2480 1097 2535 sumptibus
1123 2497 1264 2536 pares3
1291 2482 1433 2536 regius
1459 2498 1547 2523 om-

193 2543 317 2583 nibus
332 2542 465 2582 victus
480 2543 751 2596 vestitusque,
772 2543 874 2583 nulli
889 2543 1021 2584 civilis
1043 2543 1220 2593 animus,
1245 2559 1381 2597 neque
1403 2544 1546 2599 legum

193 2619 329 2659 neque
348 2604 550 2645 libertatis
564 2619 697 2659 aeque
715 2605 888 2660 patiens.
926 2620 1070 2648 omnes
1090 2606 1230 2661 igitur,
1251 2606 1323 2661 qui
1342 2607 1385 2647 in
1398 2607 1546 2661 aliquis
1573 2621 1591 2649 6
