1804 2926
181 274 199 302 (3

183 1394 202 1423 3

184 1520 204 1548 4

186 1645 205 1673 5

188 1831 206 1861 6

189 1959 204 1966 ,-

192 1968 200 1986 Ι

189 2144 209 2174 8

196 2395 212 2423 1

229 146 309 187 166
495 154 645 188 LIBER
672 154 875 198 xxxxv,
903 154 1046 188 17-19.
1076 153 1315 197 [a.u.e.587]

226 259 489 306 sortirentur,
533 258 665 299 sortiti
708 265 817 298 sunt.
888 258 951 298 M.
990 258 1110 298 Iunio
1147 257 1272 298 Pisae
1310 257 1583 305 obvenerunt,

224 336 350 375 quem
386 321 630 377 priusquam
672 321 715 362 in
753 321 1011 376 provinciam
1054 322 1150 370 iret,
1187 321 1438 376 legationes,
1475 335 1583 375 quae

225 383 411 437 undique
438 383 617 424 Romam
642 384 897 438 gratulatum
925 391 1227 433 convenerant,
1253 383 1516 424 introducere
1540 383 1583 423 in

227 456 416 488 senatum
442 446 612 501 placuit,
639 445 693 498 Q.
721 446 844 486 Aelio
871 444 1068 501 [Gallia]
1119 455 1302 487 ceterum
1327 459 1583 498 quamquam

226 509 329 549 tales
354 508 431 549 viri
457 508 740 556 mitterentur,
777 521 955 561 quorum
987 508 1037 549 de
1064 508 1235 549 consilio
1261 507 1419 562 sperari
1443 515 1584 562 posset

227 572 497 626 imperatores
528 571 630 611 nihil
662 571 883 625 indignum
913 584 991 611 nec
1017 571 1237 612 clementia
1266 584 1345 611 nec
1375 569 1583 624 gravitate

226 634 371 688 populi
397 633 577 675 Romani
603 633 842 674 decreturos
868 647 978 681 esse,
1009 640 1149 674 tamen
1174 633 1217 673 in
1243 641 1389 674 senatu
1416 646 1584 686 quoque

227 696 409 750 agitatae
448 703 545 737 sunt
584 710 773 737 summae
810 695 1097 745 consiliorum,
1134 704 1180 736 ut
1218 695 1413 736 inchoata
1445 694 1585 736 omnia

225 758 352 813 legati
378 759 432 798 ab
458 758 582 799 domo
607 757 716 799 ferre
741 757 795 798 ad
819 757 1089 812 imperatores
1114 765 1295 812 possent.

311 820 485 862 XVIII.
524 819 729 862 Omnium
759 820 940 875 primum
971 820 1124 860 liberos
1150 835 1240 861 6556
1271 819 1463 873 placebat
1488 819 1585 859 Ma-

226 882 407 922 cedonas
441 890 566 935 atque
597 882 786 936 Illyrios,
822 889 870 922 ut
901 881 1095 922 omnibus
1125 881 1321 935 gentibus
1353 889 1586 934 appareret,

227 959 343 984 arma
372 944 518 998 populi
549 944 731 984 Romani
760 958 843 984 non
875 943 1016 984 liberis
1043 943 1306 991 servitutem,
1343 942 1417 983 sed
1441 949 1587 983 eontra

228 1006 505 1048 servientibus
536 1005 773 1047 libertatem
798 1005 982 1055 adferre,
1013 1012 1061 1046 ut
1085 1012 1126 1046 et
1150 1004 1192 1046 in
1222 1005 1414 1046 libertate
1439 1011 1586 1059 gentes

227 1083 335 1122 quae
361 1075 501 1110 essent
524 1075 659 1109 tutam
683 1083 776 1109 eam
802 1067 882 1109 sibi
910 1074 1198 1123 perpetuaque
1224 1067 1302 1108 sub
1327 1067 1458 1108 tutela
1483 1081 1587 1115 esse,

227 1140 267 1172 et
293 1145 401 1185 quae
434 1131 511 1172 sub
543 1131 715 1186 regibus
740 1131 928 1172 viverent
952 1138 991 1172 et
1022 1130 1066 1171 in
1095 1145 1294 1185 praesens
1319 1137 1485 1184 tempus
1510 1129 1589 1169 mi-

227 1193 353 1235 tiores
379 1209 450 1235 605
474 1193 752 1247 iustioresque
777 1201 970 1248 respectu
997 1193 1141 1248 populi
1160 1192 1341 1233 Romani
1364 1191 1519 1234 habere
1545 1206 1589 1232 se

228 1257 443 1297 crederent
471 1263 531 1306 et,
563 1257 597 1297 si
622 1257 791 1310 quando
817 1256 975 1297 bellum
1000 1271 1096 1297 cum
1125 1255 1281 1310 populo
1307 1254 1499 1295 Romano
1524 1269 1590 1295 re-

227 1319 352 1373 gibus
383 1319 531 1360 fuisset
557 1320 663 1368 suis,
695 1320 854 1361 exitum
879 1319 967 1360 eius
998 1318 1215 1359 victoriam
1240 1317 1442 1359 Romanis
1473 1317 1589 1358 adla-

228 1390 388 1431 turum,
415 1382 495 1422 sibi
519 1382 769 1423 libertatem.
806 1381 963 1422 metalli
991 1395 1158 1435 quoque
1183 1379 1452 1421 EIacedonici
1476 1379 1590 1433 quod

227 1444 376 1498 ingens
397 1444 577 1498 vectigal
597 1452 682 1485 erat
707 1444 1018 1496 locationcsque
1043 1442 1311 1497 praediorum
1338 1441 1589 1483 rusticorum

229 1506 317 1547 tolli
341 1506 554 1560 placebat:
588 1521 686 1546 nam
710 1520 848 1559 neque
874 1506 962 1547 51116
992 1505 1218 1560 publicano
1244 1504 1427 1545 exerceri
1450 1518 1588 1558 posse,

231 1577 270 1611 et
296 1569 369 1610 ubi
394 1569 643 1624 publicanus
669 1576 797 1618 esset,
827 1569 886 1609 ibi
911 1576 980 1609 aut
1006 1569 1070 1609 ius
1095 1568 1312 1622 publicum
1336 1583 1490 1608 vanum
1519 1576 1589 1608 aut

230 1633 466 1673 libertatem
486 1632 608 1673 sociis
628 1632 787 1672 nullam
801 1646 904 1673 esse.
941 1646 993 1672 116
1012 1631 1124 1686 ipsos
1146 1630 1316 1684 quidem
1329 1630 1588 1671 Macedonas

230 1695 274 1736 id
300 1709 493 1736 exercere
518 1709 661 1749 posse3
692 1694 766 1735 ubi
795 1694 837 1734 in
862 1694 999 1736 medio
1024 1693 1179 1748 praeda
1204 1692 1590 1733 administrantibus

232 1766 360 1806 esset,
409 1757 467 1797 ibi
509 1771 741 1810 numquam
783 1771 930 1797 causas
974 1756 1225 1797 seditionum
1268 1762 1310 1796 et
1353 1755 1589 1796 certaminis

233 1820 390 1862 defore.
462 1835 683 1861 commune
721 1820 941 1860 concilium
981 1819 1118 1874 gentis
1155 1832 1265 1867 esse,
1307 1817 1590 1871 inprobatum,

234 1882 324 1938 [ne]
358 1883 474 1937 vulgi
514 1882 753 1923 adsentator
788 1882 1014 1935 aliquando
1050 1881 1285 1921 libertatem
1316 1879 1473 1920 salubri
1503 1894 1593 1920 mo-

233 1945 446 1986 deratione
486 1944 627 1985 datam
664 1944 718 1985 ad
752 1944 962 1985 licentiam
997 1943 1262 1998 pestilentem
1296 1941 1491 1982 traheret.
1549 1941 1593 1982 in

232 2017 430 2063 quattuor
451 2007 643 2063 regiones
665 2007 844 2048 describi
857 2006 1170 2055 Macedoniam,
1195 2012 1240 2046 ut
1261 2019 1384 2045 suum
1399 2018 1592 2058 quaeque

233 2071 455 2113 concilium
475 2070 661 2119 haberet,
680 2069 850 2125 placuit,
872 2077 913 2110 et
932 2069 1152 2110 dimidium
1172 2067 1316 2109 tributi
1337 2081 1465 2120 quam
1479 2066 1593 2120 quod

234 2134 405 2189 regibus
426 2133 534 2174 ferre
557 2133 667 2174 soliti
687 2140 805 2174 erant
823 2133 979 2187 populo
993 2132 1185 2172 Romano
1209 2130 1406 2185 pendere.
1443 2129 1594 2170 similia

235 2197 299 2237 his
325 2204 363 2238 ct
393 2194 472 2252 [in]
495 2196 713 2250 Illyricum
737 2196 948 2236 mandata.
987 2202 1124 2235 cetera
1148 2193 1248 2248 ipsis
1272 2191 1594 2246 imperatoribus

234 2259 470 2314 legatisque
489 2259 646 2307 relicta,
671 2258 715 2298 in
734 2258 886 2311 quibus
911 2271 1108 2312 praesens
1132 2254 1324 2296 tractatio
1349 2269 1489 2295 rerum
1508 2266 1597 2295 cer-

236 2321 341 2361 tiora
366 2321 605 2361 subiectura
630 2328 719 2361 erat
745 2320 929 2361 consilia.

324 2381 522 2423 XVHH.
559 2383 676 2423 Inter
700 2383 853 2422 multas
884 2397 1034 2436 regum
1058 2380 1332 2435 gentiumque
1357 2386 1397 2420 et
1421 2377 1596 2433 populo-

240 2458 333 2484 rum
363 2443 593 2496 legationes
624 2444 815 2493 Attalus,
853 2444 982 2485 frater
1011 2443 1122 2497 regis
1154 2441 1377 2489 Eumenis,
1414 2439 1596 2480 maxime

197 2520 215 2548 ‘2
243 2505 444 2550 convertit
470 2505 512 2544 in
534 2520 577 2545 se
597 2506 784 2545 omnium
805 2507 946 2546 oculos
967 2506 1226 2558 animosque.
1263 2510 1462 2558 exceptus
1487 2501 1596 2543 enim

243 2576 304 2609 est
337 2567 390 2607 ab
420 2567 488 2614 iis,
525 2567 597 2619 qui
629 2567 751 2607 simul
783 2582 831 2608 eo
864 2568 974 2608 bello
1006 2567 1308 2615 militaverunt,
1346 2565 1444 2604 haut
1471 2563 1595 2618 paulo

199 2645 216 2673 :3
243 2630 478 2684 benignius,
493 2644 620 2682 quam
634 2629 667 2669 si
688 2629 776 2682 ipse
791 2644 862 2670 rex
878 2629 1090 2670 Eumenes
1106 2629 1298 2670 venisset.
1337 2627 1594 2667 adduxerant
