1804 2926
438 191 729 228 PERIOCHAE
753 189 1020 226 LIBRORUM
1045 189 1286 225 LV—LVII.
1455 178 1539 220 203

191 283 498 330 proficisceretur,
531 281 666 316 accidit
695 285 797 323 [vox]
831 282 973 323 ‘mane‚
1000 279 1197 314 Mancine’.
1257 291 1351 325 quae
1377 277 1542 323 auspicia

193 329 310 364 tristia
329 328 442 362 fuisse
462 331 595 362 eventu
611 326 808 371 probatum
828 329 894 360 est.
932 329 968 359 et
982 325 1097 358 victus
1112 325 1208 359 enim
1222 336 1244 359 a
1257 324 1492 360 Numantinis
1506 327 1543 358 et

195 373 323 408 castris
338 377 483 416 exutus,
499 383 581 406 eum
596 382 679 416 spes
692 372 795 405 nulla
807 370 977 405 servandi
991 370 1169 404 exereitus
1184 374 1296 414 esset,
1317 380 1447 414 pacem
1460 379 1542 402 cum

192 420 243 454 eis
262 418 353 452 fecit
372 417 668 462 ignominiosam,
690 428 799 461 quam
818 419 937 449 ratam
957 427 1035 449 esse
1056 419 1204 449 senatus
1223 416 1348 449 vetuit.
1386 414 1542 459 quadra-

191 464 296 510 ginta
319 463 422 496 milia
438 462 687 496 Romanorum
707 474 728 496 a
747 461 1053 496 Numantinorum
1078 460 1225 494 milibus
1250 464 1423 504 quattuor
1444 459 1544 493 victa

191 512 305 543 erant.
341 508 432 541 Dec.
447 507 573 541 Iunius
593 507 824 540 Lusitaniam
844 506 1179 551 expugnationibus
1198 506 1342 539 urbium
1359 515 1475 549 usque
1496 504 1544 537 ad

192 553 378 588 Oceanum
395 552 617 596 perdomuit,
640 556 677 586 et
696 563 778 586 cum
796 551 945 585 fluvium
966 550 1195 585 Oblivionem
1212 550 1368 584 transire
1386 549 1543 592 nollent,

189 602 335 643 raptum
353 597 527 642 signifero
548 597 692 642 signum
712 597 790 641 ipse
809 596 997 631 transtulit
1016 600 1052 630 et
1071 596 1122 630 sic
1140 599 1182 629 ut
1199 595 1546 640 transgrederentur

189 642 382 687 persuasit.
430 642 630 676 Alexandri
654 642 762 685 filius,
788 653 852 676 rex
877 641 1025 686 Syriae,
1053 642 1181 675 decem
1205 651 1322 674 annos
1348 639 1545 673 admodum

190 688 347 730 habens,
369 686 582 730 aDiodoto,
605 687 667 731 qui
681 687 859 732 Tryphon
873 686 1218 732 cognominabatur,
1242 689 1360 718 tutore
1376 695 1458 727 suo,
1479 694 1546 727 per

189 733 356 766 fraudem
376 732 516 766 occisus
531 736 587 766 est
599 732 778 776 corruptis
793 732 960 775 medicis,
983 732 1043 776 qui
1058 731 1160 764 illum
1174 729 1306 765 calculi
1320 729 1445 763 dolore
1460 740 1544 763 eon-

190 778 283 811 sumi
296 777 344 811 ad
354 777 531 822 populum
544 777 699 821 mentiti,
715 778 800 810 dum
815 781 952 819 secant,
968 776 1191 811 occiderunt.

757 831 809 855 Ex
824 830 896 855 LIB.
910 831 983 854 LVI.

257 867 434 902 Decimus
447 866 575 900 Iunius
588 867 724 901 Brutus
744 868 781 900 in
801 867 984 911 Hispania
1002 866 1175 900 ulteriore
1193 864 1353 899 feliciter
1371 864 1545 898 adversus

192 912 389 947 Gallaecos
402 913 593 957 pugnavit.
630 913 797 946 dissimili
811 916 943 947 eventu
956 912 1006 945 M.
1020 911 1200 945 Aemilius
1215 910 1379 954 Lepidus
1392 919 1545 953 procon-

192 958 248 991 sul
268 958 441 992 adversus
454 958 644 992 Vaccaeos
663 969 739 992 rem
759 958 874 1003 gessit
893 957 1109 1001 clademque
1131 956 1283 989 similem
1298 955 1545 990 Numantinae

190 1013 320 1047 passus
341 1006 406 1036 est.
444 1003 491 1036 ad
505 1003 764 1037 exsolvendum
776 1002 936 1037 foederis
949 1001 1165 1037 Numantini
1178 1001 1357 1046 religione
1370 999 1546 1044 populum

192 1047 396 1091 Mancinus,
413 1058 493 1080 eum
507 1048 613 1081 huius
626 1048 679 1082 rei
693 1052 821 1082 auctor
833 1048 979 1090 fuisset,
1002 1047 1144 1081 deditus
1160 1046 1391 1081 Numantinis
1404 1056 1477 1078 non
1491 1047 1547 1078 est

191 1096 371 1136 receptus.
409 1092 562 1126 lustrum
587 1104 609 1127 a
633 1093 846 1127 censoribus
872 1092 1057 1126 eonditum
1082 1096 1153 1126 est:
1180 1102 1291 1125 censa
1311 1094 1395 1124 sunt
1413 1090 1546 1123 civium

192 1137 316 1181 capita
329 1141 495 1171 trecenta
508 1138 768 1182 septemdecim
782 1137 894 1180 milia,
909 1141 1098 1182 nongenta
1110 1136 1263 1181 triginta
1276 1135 1358 1169 tria.
1393 1134 1546 1168 Fulvius

191 1183 348 1216 Flaccus
368 1183 494 1216 consul
508 1183 675 1217 Vardeos
694 1183 731 1216 in
749 1183 898 1227 Illyrico
918 1182 1075 1227 subegit.
1113 1181 1163 1215 M.
1179 1181 1378 1215 Cosconius
1398 1183 1548 1223 praetor

192 1227 230 1260 in
243 1227 404 1261 Thracia
418 1239 499 1261 cum
515 1226 714 1262 Scordiscis
727 1239 902 1272 prospere
915 1226 1106 1271 pugnavit.
1138 1238 1220 1260 cum
1231 1226 1370 1260 bellum
1382 1225 1546 1260 Numan-

190 1273 307 1306 tinum
331 1272 419 1305 vitio
445 1273 578 1306 ducum
601 1284 676 1306 non
701 1273 778 1306 sine
802 1273 942 1315 pudore
966 1272 1113 1315 publico
1140 1272 1305 1314 duraret,
1328 1271 1472 1305 delatus
1492 1273 1548 1304 est

191 1317 287 1351 ultro
308 1315 466 1360 Scipioni
486 1317 663 1350 Africano
689 1328 711 1350 a
736 1320 867 1351 senatu
890 1317 1099 1360 populoque
1124 1316 1292 1350 Romano
1317 1315 1547 1357 consulatus3

193 1373 300 1405 quem
325 1373 407 1395 cum
431 1362 486 1394 illi
510 1372 641 1405 capere
661 1362 707 1395 ob
727 1363 866 1406 legem,
893 1372 986 1405 quae
1005 1361 1157 1395 vetabat
1176 1372 1396 1405 quemquam
1415 1361 1547 1393 iterum

192 1406 379 1440 consulem
405 1405 502 1449 fieri,
528 1418 602 1439 non
622 1406 764 1449 liceret,
786 1407 880 1440 sicut
898 1406 1011 1449 priori
1030 1406 1223 1440 consulatu
1242 1405 1386 1450 legibus
1407 1405 1548 1438 solutus

193 1456 258 1485 est.
295 1451 432 1485 bellum
452 1451 580 1485 servile
600 1451 638 1484 in
654 1450 780 1485 Sicilia
800 1455 917 1484 ortum
931 1462 1013 1484 cum
1027 1451 1182 1495 opprimi
1197 1462 1218 1483 a
1230 1450 1461 1493 praetoribus
1474 1461 1548 1483 11011

190 1495 387 1540 potuisset,
403 1496 442 1530 C.
456 1496 586 1530 Fulvio
602 1496 741 1529 consuli
755 1496 967 1530 mandatum
982 1500 1048 1529 est.
1085 1495 1191 1529 huius
1210 1495 1298 1529 belli
1318 1494 1460 1527 initium
1479 1494 1550 1527 fuit

190 1541 317 1574 Eunus
343 1552 483 1584 servus,
508 1541 657 1575 natione
679 1540 810 1586 Syrus,
837 1541 899 1585 qui
926 1544 1118 1574 contracta
1143 1540 1344 1585 agrestium
1364 1550 1548 1573 servorum

191 1597 303 1620 manu
316 1589 352 1620 et
366 1586 494 1619 solutis
509 1586 704 1632 ergastulis
718 1586 803 1620 iusti
817 1585 995 1620 exercitus
1009 1597 1199 1620 numerum
1220 1585 1396 1629 implevit.
1434 1583 1550 1619 Cleon

193 1642 348 1675 quoque,
371 1632 464 1665 alter
482 1643 622 1675 servus,
645 1632 693 1665 ad
713 1631 949 1676 septuaginta
968 1631 1068 1664 milia
1088 1642 1272 1665 servorum
1287 1629 1488 1673 contraxit,
1514 1633 1552 1663 et

192 1676 325 1710 iunctis
356 1676 470 1722 copiis
503 1677 676 1711 adversus
700 1677 908 1711 Romanum
940 1676 1138 1711 exercitum
1168 1676 1307 1711 bellum
1333 1686 1443 1720 saepe
1468 1686 1549 1720 ges—

193 1725 327 1755 serunt.

752 1769 803 1793 Ex
817 1769 890 1793 LIB.
904 1769 993 1793 LVII.

262 1810 383 1855 Scipio
408 1811 606 1846 Africanus
630 1812 868 1847 Numantiam
899 1812 1061 1854 obsedit,
1094 1814 1131 1845 et
1161 1814 1371 1855 corruptum
1401 1810 1552 1844 licentia

193 1857 408 1901 luxuriaque
435 1857 632 1891 exercitum
658 1859 705 1892 ad
730 1858 995 1891 severissimam
1020 1856 1173 1890 militiae
1200 1856 1432 1900 disciplinam
1449 1867 1551 1890 revo-

195 1901 302 1934 cavit.
334 1902 456 1935 omnia
469 1902 684 1936 deliciarum
697 1903 939 1937 instrumenta
952 1902 1099 1945 recidit,
1116 1902 1186 1935 duo
1200 1902 1302 1935 milia
1316 1905 1516 1935 scortorum
1531 1912 1553 1935 a

195 1946 324 1979 castris
349 1946 473 1989 eiecit,
498 1947 652 1981 militem
676 1947 810 1981 cotidie
835 1948 873 1980 in
893 1958 1003 1991 opere
1023 1947 1153 1980 habuit
1172 1950 1209 1980 et
1232 1947 1388 1991 triginta
1411 1946 1553 1980 dierum

194 1991 416 2024 frumentum
437 1991 483 2024 ad
503 1995 675 2035 septenos
693 1993 809 2026 vallos
828 1992 922 2026 ferre
943 1991 1112 2036 cogebat.
1151 2002 1261 2036 aegre
1287 1995 1438 2035 propter
1463 2002 1552 2025 onus

196 2035 380 2069 incedenti
407 2036 570 2079 dicebat,
600 2038 698 2070 ‘cum
729 2036 854 2081 gladio
885 2040 922 2070 te
946 2036 1085 2069 vallare
1117 2035 1258 2078 scieris,
1289 2036 1427 2069 vallum
1455 2035 1552 2070 scire

197 2080 386 2124 desinito',
414 2081 464 2114 ali
482 2084 623 2114 scutum
641 2092 771 2125 parum
790 2081 962 2115 habiliter
974 2080 1123 2122 ferenti,
1146 2081 1301 2124 amplius
1316 2091 1397 2114 eum
1411 2084 1553 2114 scutum

196 2126 290 2159 iusto
310 2125 424 2168 ferre,
443 2137 561 2170 neque
582 2126 619 2159 id
639 2137 676 2160 se
696 2126 974 2169 reprehendere,
997 2126 1142 2169 quando
1166 2125 1296 2159 melius
1320 2129 1423 2158 scuto
1444 2136 1553 2169 quam

197 2170 322 2215 gladio
341 2174 515 2205 uteretur.
565 2182 671 2215 quem
691 2171 843 2205 militem
864 2175 965 2204 extra
983 2171 1147 2204 ordinem
1163 2170 1414 2214 deprehendit,
1437 2172 1466 2203 si
1478 2170 1552 2204 Ro-

196 2227 326 2249 manus
347 2220 454 2259 esset,
474 2216 621 2258 vitibus,
643 2216 673 2249 si
693 2220 902 2259 extraneus,
922 2215 1033 2260 virgis
1053 2215 1195 2249 cecidit.
1233 2215 1397 2249 iumenta
1417 2215 1551 2259 omnia,

196 2272 243 2294 ne
279 2265 520 2295 exonerarent
554 2261 724 2305 militem,
762 2261 938 2294 vendidit.
993 2272 1103 2304 saepe
1140 2261 1313 2294 adversus
1344 2260 1553 2304 eruptiones

197 2305 356 2339 hostium
369 2306 527 2340 feliciter
544 2306 736 2351 pugnavit.
773 2305 937 2351 Vaccaei
950 2305 1099 2348 obsessi,
1114 2305 1239 2339 liberis
1260 2305 1552 2350 coniugibusque

197 2350 408 2393 trucidatis,
428 2351 499 2395 ipsi
516 2362 553 2385 se
572 2352 847 2385 interemerunt.
886 2350 1006 2395 Scipio
1022 2350 1246 2394 amplissima
1269 2362 1422 2385 munera
1440 2350 1552 2384 missa

198 2395 268 2429 sibi
282 2395 328 2429 ab
342 2395 525 2430 Antiocho
539 2407 627 2441 rege
642 2395 789 2440 Syriae,
805 2407 885 2430 cum
900 2397 1021 2430 celare
1036 2396 1117 2429 aliis
1130 2395 1411 2439 imperatoribus
1423 2406 1552 2440 regum

198 2451 351 2474 munera
362 2451 440 2474 mos
455 2444 563 2484 esset,
577 2452 642 2485 pro
656 2441 831 2475 tribunali
846 2445 1080 2485 accepturum
1094 2452 1131 2474 se
1147 2452 1226 2475 esse
1241 2441 1341 2484 dixit,
1358 2441 1552 2484 omniaque

199 2497 244 2519 ea
267 2489 498 2529 quaestorem
522 2486 659 2520 referre
684 2486 723 2519 in
744 2486 912 2530 publicas
935 2486 1082 2520 tabulas
1107 2486 1227 2519 iussit:
1254 2497 1297 2519 ex
1321 2486 1376 2519 his
1402 2497 1440 2519 se
1464 2486 1552 2519 viris

198 2530 354 2564 fortibus
373 2530 469 2565 dona
494 2542 572 2565 esse
597 2531 777 2565 daturum.
815 2543 897 2565 eum
921 2531 1083 2575 undique
1102 2531 1338 2566 Numantiam
1362 2530 1552 2565 obsidione

199 2575 390 2610 clausisset
414 2579 451 2610 et
469 2575 637 2610 obsessos
655 2576 753 2610 fame
771 2576 913 2611 videret
930 2576 1069 2621 urgeri,
1092 2577 1231 2619 hostes,
1253 2576 1314 2620 qui
1334 2576 1553 2620 pabulatum

200 2621 378 2664 exierant,
399 2620 516 2655 vetuit
534 2621 669 2664 occidi,
691 2621 788 2665 quod
808 2621 947 2656 diceret
958 2621 1119 2656 velocius
1133 2633 1194 2656 eos
1210 2621 1464 2667 absumpturos
1478 2621 1552 2655 fru-

199 2666 312 2700 menti
327 2666 424 2712 quod
438 2666 627 2711 haberent,
643 2666 672 2700 si
685 2667 807 2711 plures
821 2666 985 2702 fuissent.
