1804 2926
488 167 639 202 LIBER
665 165 866 209 xxxxv,
893 164 948 198 39.
977 163 1079 208 [ac.
1096 164 1175 207 167]
1433 153 1512 194 189

162 274 277 322 1111111,
302 278 468 313 auratos
492 277 841 325 purpuratosspie‚
868 284 919 309 ex
944 267 1138 309 inferiore
1163 268 1254 308 1000
1280 266 1333 308 L.
1353 267 1514 307 Paulus

162 337 205 376 in
230 334 352 376 turba
383 341 623 388 togatorum
653 347 762 372 unus
787 331 976 385 privatus
1008 331 1235 385 interroget
1260 330 1347 370 “L.
1373 329 1513 377 Anici,

164 396 243 438 Cn.
270 395 445 443 Octavi,
482 402 622 435 utrum
653 409 727 434 vos
759 393 968 447 digniores
1001 393 1210 447 triumpho
1244 407 1334 433 esse
1366 407 1419 432 an
1448 405 1514 431 me

163 458 413 507 censetis?’',
447 472 572 498 curru
598 456 838 497 descensuri
863 463 904 496 et
928 470 1027 510 prae
1052 456 1211 510 pudore
1237 455 1430 495 videntur
1455 453 1516 493 in-

164 522 298 576 signia
328 521 408 576 ipsi
439 536 516 562 sua
547 519 752 560 tradituri.
802 526 841 559 et
875 533 948 559 vos
976 517 1179 559 Gentium
1209 532 1335 570 quam
1359 516 1517 557 Persea
1543 527 1560 555 3

164 584 261 624 duci
296 583 339 624 in
375 582 587 637 triumpho
624 581 836 630 mavoltis,
875 580 1078 632 Quirites,
1118 588 1157 621 et
1194 580 1245 620 de
1278 578 1514 619 accessione

164 646 302 701 potius
339 645 437 686 belli
474 660 602 699 quam
634 644 684 686 (10
716 644 826 685 bello
860 643 1132 697 triumphari?
1168 650 1208 683 et
1243 641 1427 695 legiones
1465 654 1516 680 ex
1542 652 1561 679 4

163 707 331 762 Illyrico
355 708 567 748 laureatae
600 706 748 746 urbem
778 705 941 746 inibunt
968 714 1007 746 et
1032 705 1201 746 navales
1228 703 1347 751 socii,
1372 702 1518 742 Mace-

167 770 340 810 donicae
370 769 557 824 legiones
590 783 666 809 suo
692 768 893 821 abrogato
926 767 1136 821 triumpho
1169 766 1325 807 alienos
1357 771 1518 819 specta-

166 832 295 872 bunt'.>
326 832 427 885 quid
459 831 608 872 deinde
640 838 726 871 tam
756 830 920 884 opimae
954 830 1154 883 praedae,
1188 836 1273 868 tam
1298 828 1518 882 opulentae

167 893 364 935 victoriae
391 893 531 948 spoliis
556 893 650 934 fiet‘?
687 907 870 946 quonam
896 892 1102 932 abdentur
1132 891 1202 930 illa
1232 899 1293 930 tot
1316 889 1430 929 milia
1455 902 1520 928 ar-
1545 898 1564 927 ῦ

168 970 330 996 morum
357 955 542 996 detracta
567 954 810 1008 corporibus
837 953 1043 993 hostium?
1079 968 1132 993 an
1156 952 1199 992 111
1223 950 1520 992 Macedoniam

168 1017 455 1059 remittentur?
482 1031 564 1070 quo
591 1016 709 1070 signa
735 1031 879 1064 aurea,
905 1029 1150 1063 marmorea,
1177 1014 1374 1062 eburnea,
1400 1012 1521 1052 tabu-

168 1081 232 1120 lae
258 1079 413 1133 pictae,
447 1078 623 1127 textilia,
656 1086 817 1118 tantum
843 1077 1005 1132 argenti
1030 1076 1198 1125 caelati,
1230 1084 1392 1116 tantum
1418 1074 1520 1122 auri,

169 1150 285 1181 tanta
309 1141 486 1194 pecunia
510 1140 651 1195 regia?
676 1156 729 1180 an
750 1147 889 1187 noctu,
917 1147 1131 1192 tamquam
1150 1137 1317 1185 furtiva,
1343 1137 1385 1177 in
1406 1151 1522 1176 aera·
1548 1145 1565 1174 G

169 1203 277 1243 rium
303 1202 658 1256 deportabuntur?
684 1201 810 1254 quid?
841 1201 944 1241 illud
969 1201 1254 1254 spectaculum
1277 1199 1521 1243 maximum,

171 1264 452 1304 nobilissimus
479 1260 946 1317 opulentissimus[que]
972 1277 1046 1302 rex
1079 1269 1244 1316 captus,
1277 1261 1350 1301 ubi
1374 1259 1521 1300 victori

169 1325 323 1379 populo
360 1325 627 1365 ostendetur?
672 1338 775 1377 quos
813 1323 988 1377 Syphax
1025 1338 1099 1364 rex
1136 1330 1302 1377 captus,
1340 1321 1521 1362 accessio
1550 1333 1564 1360 ῑ

169 1387 320 1427 Punici
340 1386 451 1434 belli,
478 1400 704 1426 concursus
724 1385 881 1433 fecerit,
901 1385 1088 1438 plerique
1109 1385 1387 1425 meminimus.
1419 1383 1524 1423 Per-

170 1463 264 1489 seus
290 1463 363 1488 rex
389 1455 553 1502 captus,
579 1447 800 1501 Philippus
826 1454 866 1487 et
890 1447 1134 1488 Alexander
1164 1446 1223 1486 fili
1246 1445 1376 1500 regis,
1410 1452 1524 1485 tanta

169 1510 350 1558 nomina,
378 1509 675 1550 subtrahentur
701 1509 879 1549 civitatis
906 1508 1060 1549 oculis?
1084 1508 1223 1562 ipsum
1248 1507 1301 1547 L.
1326 1507 1523 1554 Paulum,
1550 1518 1569 1545 3

171 1572 233 1613 bis
265 1572 499 1620 consulem,
538 1571 785 1612 domitorem
811 1570 1036 1620 Graeciae,
1075 1570 1262 1611 omnium
1287 1569 1395 1609 oculi
1428 1583 1526 1608 con-

171 1635 329 1689 spicere
355 1633 503 1675 urbem
523 1648 646 1674 curru
671 1633 977 1687 ingredientem
997 1640 1142 1681 avent3
1169 1632 1222 1672 ad
1246 1632 1325 1672 hoc
1349 1631 1524 1671 fecimus

172 1698 398 1746 consulem,
424 1704 471 1737 ut
495 1697 651 1737 bellum
676 1711 751 1751 per
770 1696 1093 1749 quadriennium
1116 1694 1278 1749 ingenti
1300 1694 1425 1735 etiam
1449 1706 1526 1746 pu-

172 1761 272 1801 dore
302 1768 443 1800 nostro
475 1766 655 1800 tractum
684 1759 914 1813 perficeret.
983 1758 1049 1799 cui
1081 1758 1224 1798 sortito
1256 1756 1525 1811 provinciam,
1553 1768 1570 1794 e>

173 1823 241 1863 cui
265 1822 543 1876 proficiscenti
577 1821 938 1875 praesagientibus
965 1821 1113 1861 animis
1140 1820 1357 1860 victoriam
1383 1818 1527 1859 trium-

173 1885 387 1938 phumque
424 1883 743 1931 destinavimus,
788 1883 825 1924 ei
862 1883 1009 1923 victori
1045 1881 1303 1935 triumphum
1342 1877 1526 1934 [sumus]

174 1944 391 1999 negaturi?
428 1952 468 1984 et
503 1944 673 1996 quidem
708 1958 792 1984 non
829 1951 991 1984 tantum
1029 1942 1280 1998 [homines],
1319 1942 1392 1982 sed
1428 1941 1527 1980 (1005

176 2008 301 2048 etiam
321 2020 396 2046 suo
415 2006 571 2045 honore
591 2005 848 2046 fraudaturi?
873 2006 934 2045 dis
956 2020 1122 2057 quoque
1145 2005 1269 2052 enim,
1289 2018 1373 2043 non
1394 2003 1527 2042 solum
1556 2015 1595 2042 10

176 2067 413 2109 hominibus
447 2067 622 2108 debetur
653 2066 900 2120 triumphus.
962 2067 1140 2106 maiores
1177 2065 1306 2106 vestri
1342 2064 1528 2104 omnium

177 2145 426 2184 magnarum
467 2144 606 2170 rerum
649 2136 688 2169 et
732 2128 937 2182 principia
980 2128 1116 2168 exorsi
1153 2127 1206 2168 ab
1250 2127 1313 2166 dis
1350 2133 1445 2167 sunt
1490 2134 1529 2166 et

178 2193 303 2231 finem
341 2198 588 2231 statuerunt.
661 2191 803 2230 consul
846 2190 1112 2244 proficiscens
1149 2196 1368 2242 praetorve
1411 2187 1530 2241 palu-
1558 2202 1594 2229 11

179 2253 286 2293 datis
328 2253 540 2293 lictoribus
583 2253 626 2292 in
668 2252 926 2307 provinciam
970 2261 1010 2293 et
1053 2252 1107 2292 ad
1149 2251 1305 2291 bellum
1346 2258 1444 2291 vota
1486 2250 1528 2289 in

181 2314 390 2368 Capitolio
433 2322 665 2368 nuncupat3
714 2314 846 2354 victor
886 2321 1122 2368 perpetrato
1161 2327 1209 2353 eo
1254 2310 1443 2367 [eo]de1n
1487 2312 1529 2351 in

182 2376 390 2430 Capitolio
439 2375 699 2430 triumphans
748 2376 801 2416 ad
848 2375 1016 2416 eosdem
1065 2375 1184 2423 deos,
1240 2374 1392 2427 quibus
1434 2382 1531 2414 vota

180 2438 458 2492 nuncupavit,
495 2438 642 2478 merita
678 2437 788 2478 dona
818 2447 987 2492 portans
1023 2437 1142 2478 redit.
1207 2451 1304 2492 pars
1334 2451 1419 2477 non
1454 2436 1531 2476 mi-
1559 2449 1598 2477 12

180 2500 295 2541 nima
320 2499 519 2553 triumphi
544 2506 605 2541 est
628 2499 819 2540 victimae
844 2499 1153 2554 praecedentes,
1178 2508 1223 2540 ut
1244 2506 1442 2554 appareat
1469 2498 1531 2538 (115

181 2570 320 2617 grates
352 2569 545 2616 agentem
576 2561 868 2616 imperatorem
893 2562 946 2602 ob
971 2576 1058 2602 rem
1089 2561 1301 2616 publicam
1327 2561 1431 2602 bene
1457 2576 1531 2615 ge-

183 2633 290 2666 stam
321 2624 468 2665 redire.
528 2623 661 2664 omnis
692 2624 784 2665 illas
814 2623 1024 2673 victimas,
1050 2637 1155 2677 quas
1185 2623 1463 2664 traducendas
1488 2622 1530 2662 in
