1804 2926
296 164 376 206 160
569 170 721 205 LIBER
745 169 947 213 xxxxv,
976 169 1102 203 11.1·2.
1132 168 1370 212 [a.u.e.586j

249 293 267 323 3
293 276 475 332 primum
505 274 559 315 ad
589 288 792 323 sororem,
831 273 980 315 deinde
1006 272 1059 314 ad
1089 272 1260 313 fratrem
1291 270 1529 326 amicosque
1555 273 1642 313 eius

292 354 375 380 non
400 337 515 392 prius
541 336 697 378 destitit
720 336 896 386 mittere,
921 351 1048 390 quam
1078 350 1226 390 pacem
1246 349 1342 375 cum
1365 336 1399 376 is
1426 334 1644 376 confirma-

248 418 267 446 4
292 408 367 441 ret.
405 406 646 454 suspectum
659 398 917 439 Antiochum
933 398 1140 445 effecerat,
1161 396 1275 450 quod
1295 403 1432 437 cetera
1443 397 1643 451 Aegypto

292 462 371 503 sibi
413 461 563 502 tradita
597 460 757 501 Pelusii
800 460 986 501 validum
1022 460 1211 501 relictum
1248 467 1335 500 erat
1373 459 1641 513 praesidium.

247 541 266 570 5
293 523 522 578 apparebat
546 523 725 563 claustra
742 522 929 576 Aegypti
956 522 1099 571 teneri,
1125 529 1169 562 ut
1196 536 1290 562 eum
1316 522 1453 570 vellet,
1478 535 1642 561 rursum

292 586 519 627 exercituin
532 585 764 632 induceret3
787 584 896 625 bello
910 583 1104 624 intestino
1119 598 1214 624 cum
1234 584 1361 624 fratre
1377 599 1471 624 eum
1487 582 1643 623 exitum

291 648 394 697 fore,
420 656 465 688 ut
491 648 622 688 victor
646 647 782 688 fessus
803 647 1027 687 certamine
1052 661 1317 700 nequaquam
1342 661 1418 700 par
1432 644 1642 686 Antiocho

247 726 265 754 6
292 710 457 750 futurus
489 716 608 750 esset.
657 709 760 751 hacc
797 708 1023 762 prudenter
1058 709 1348 749 animadversa
1385 706 1450 762 [a]
1487 706 1643 748 maiore

292 787 387 812 cum
413 771 593 812 adsensu
625 771 759 811 minor
790 771 917 811 frater
948 770 1102 824 quique
1129 785 1224 811 cum
1250 785 1298 810 eo
1324 777 1440 811 erant
1471 784 1644 824 accepe—

290 840 406 882 runt3
445 848 560 873 soror
596 833 825 886 plurimum
857 832 1035 880 adiuvit,
1071 846 1155 872 non
1187 832 1357 872 consilio
1388 831 1534 879 modo,
1571 830 1644 871 sed

248 912 263 940 7
292 895 415 936 etiam
440 894 646 948 precibus.
684 894 823 946 itaque
845 893 1201 934 consentientibus
1221 892 1381 933 eunctis
1405 907 1508 946 pace
1532 892 1644 933 facta

289 957 601 998 Alexandream
622 956 831 1010 recipitur,
845 971 896 996 ne
917 955 1181 996 multitudine
1197 955 1364 1008 quidem
1383 955 1643 1004 adversante,

290 1033 398 1072 quae
423 1018 465 1059 in
489 1018 598 1059 bello
623 1033 706 1058 non
731 1032 805 1072 per
830 1017 1091 1058 obsidionem
1116 1017 1254 1065 modo,
1282 1018 1355 1058 sed
1382 1017 1506 1058 etiam
1531 1025 1644 1072 post-

289 1096 415 1134 quam
441 1097 465 1122 a
489 1080 707 1122 moenibus
733 1079 975 1121 abscessum
1007 1088 1086 1127 est,
1119 1080 1217 1133 quia
1241 1079 1343 1120 nihil
1368 1094 1418 1120 ex
1443 1079 1643 1134 Aegypto

244 1158 264 1188 8
291 1143 621 1192 subvehebatur,
654 1143 840 1183 omnium
865 1158 1005 1185 rerum
1030 1143 1256 1184 adtenuata
1280 1142 1421 1197 inopia
1447 1150 1547 1183 erat.
1607 1144 1642 1182 is

292 1221 387 1248 cum
419 1207 564 1248 laetari
591 1206 849 1247 Antiochum
875 1206 1127 1247 conveniens
1161 1214 1287 1254 esset,
1326 1206 1359 1246 si
1388 1204 1644 1246 redducendi

291 1269 380 1310 cius
406 1283 532 1310 causa
558 1268 1049 1323 exereitumAegyl·›tiun
1074 1268 1321 1316 induxisset,
1347 1282 1429 1321 quo
1456 1267 1643 1321 specioso

291 1331 410 1372 titulo
442 1331 495 1371 ad
526 1331 659 1371 omnis
684 1331 815 1372 Asiae
847 1339 887 1371 et
913 1330 1119 1371 Graeciae
1145 1331 1332 1371 civitates
1364 1329 1643 1384 legationibus

289 1394 537 1448 recipiendis
580 1393 810 1446 litterisque
853 1393 1109 1434 dimittendis
1152 1408 1252 1433 usus
1290 1398 1395 1441 erat,
1441 1392 1544 1432 adeo
1581 1398 1643 1433 est

290 1455 488 1504 offensus,
508 1462 554 1496 ut
573 1456 703 1495 multo
726 1455 861 1496 acrius
881 1455 1156 1507 infestiusque
1177 1455 1377 1495 adversus
1392 1453 1496 1494 duos
1516 1468 1642 1507 quam

246 1530 264 1560 9
291 1525 386 1558 ante
412 1517 611 1558 adversus
636 1533 768 1557 unum
793 1524 957 1571 pararet
982 1517 1151 1558 bellum.
1215 1515 1406 1570 Cyprum
1432 1515 1640 1570 extemplo

291 1579 467 1620 classem
492 1579 624 1627 misit3
656 1579 744 1634 ipse
775 1579 909 1633 primo
935 1594 1031 1619 vere
1063 1593 1159 1619 cum
1185 1578 1368 1619 exercitu
1393 1578 1639 1632 Aegyptum

226 1655 266 1684 10
290 1649 436 1696 petens
455 1642 497 1682 in
513 1640 670 1683 Coelen
687 1641 853 1695 Syriam
873 1641 1086 1696 processit.
1120 1641 1229 1681 circa
1243 1640 1526 1682 Rhinocolura
1539 1639 1641 1680 Pto-

289 1703 438 1744 lemaei
467 1704 615 1757 legatis
647 1703 867 1758 agentibus
893 1704 1067 1757 gratias,
1103 1702 1217 1755 quod
1245 1717 1320 1756 per
1345 1717 1441 1743 eum
1464 1717 1640 1756 regnum

290 1764 472 1820 patrium
497 1765 733 1820 recepisset,
760 1766 1095 1820 petentibusque,
1122 1772 1167 1805 ut
1188 1780 1309 1805 suum
1328 1779 1480 1804 munus
1505 1771 1642 1804 tuere-

291 1837 358 1868 tur
377 1836 417 1869 et
437 1828 589 1868 diecret
616 1828 753 1882 potius
775 1827 875 1880 quid
900 1828 988 1868 fieri
1009 1828 1132 1868 vellet
1151 1841 1277 1880 quam
1302 1827 1432 1867 hostis
1458 1842 1510 1867 ex
1530 1826 1641 1867 socio

226 1902 263 1931 11
290 1890 426 1930 :factus
452 1890 494 1930 vi
518 1898 643 1943 atquc
670 1890 793 1930 armis
821 1897 975 1944 ageret,
1002 1889 1227 1944 respondit,
1253 1904 1337 1929 non
1362 1889 1480 1930 aliter
1504 1903 1641 1942 neque

291 1952 468 1993 classem
492 1959 786 1993 revocaturum
810 1966 946 2005 neque
972 1952 1200 1994 exercitum
1223 1951 1536 1999 reffllucturum,
1562 1950 1642 1991 nisi

290 2013 369 2054 sibi
394 2021 435 2055 et
459 2020 544 2054 tota
570 2012 713 2068 Cypro
738 2021 779 2055 et,
801 2014 974 2055 Pelusio
1000 2029 1183 2068 agroque
1216 2014 1289 2067 qui
1320 2014 1429 2054 eirca
1452 2013 1643 2054 Pelusia-

291 2089 386 2116 cum
412 2074 565 2116 ostium
589 2076 675 2116 Nili
701 2083 809 2117 esset.
834 2076 999 2117 cederet
1020 2075 1149 2130 [rex]‚
1177 2076 1370 2129 diemque
1395 2074 1641 2130 praestituit,

289 2136 398 2177 intra
417 2151 543 2190 quam
564 2138 614 2178 de
629 2138 942 2178 condicionibus
963 2138 1140 2192 peractis
1161 2152 1408 2192 responsum
1422 2137 1639 2191 acciperet.

248 2212 262 2240 1
374 2199 480 2240 ΧΠ.
518 2199 751 2253 Postquam
788 2200 876 2241 dies
915 2201 1012 2240 data
1047 2200 1217 2240 indutiis
1260 2199 1471 2254 praeteriit
1509 2197 1639 2254 [....]

246 2274 264 2302 2
290 2261 587 2315 navigantibus
613 2263 717 2302 ostio
739 2262 824 2303 Nili
849 2262 902 2303 ad
922 2261 1153 2311 Pelusium,
1178 2277 1254 2316 per
1278 2261 1442 2302 deserta
1456 2260 1641 2301 Arabiae

290 2321 321 2376 [.
339 2353 348 2361 .
365 2353 373 2362 .
389 2321 421 2376 .]
447 2324 500 2362 ad
525 2323 760 2378 Memphim
791 2324 1048 2372 incolebant,
1081 2331 1120 2365 et
1151 2325 1204 2364 ab
1231 2323 1375 2365 ceteris
1401 2322 1640 2378 Aegyptiis,

290 2385 440 2437 partim
466 2386 691 2435 voluntate,
718 2387 869 2441 partim
894 2394 1026 2435 metu,
1053 2386 1106 2426 ad
1130 2385 1443 2427 Alexandream
1468 2384 1640 2425 modicis

246 2457 264 2486 3
289 2445 503 2486 itineribus
535 2447 759 2489 descendit.
820 2449 874 2489 ad
905 2449 1147 2489 Eleusinem
1180 2456 1438 2503 transgresso
1470 2447 1638 2496 flumen,

291 2506 362 2559 qui
387 2507 502 2547 locus
528 2516 724 2560 quattuor
748 2510 861 2550 milia
886 2511 939 2551 ab
953 2511 1223 2551 Alexandrea
1248 2511 1378 2558 abest,
1405 2509 1533 2563 legati
1553 2508 1638 2549 Ro-

248 2581 265 2609 4
291 2567 402 2608 mani
427 2578 707 2610 occurrerunt.
757 2586 861 2625 quos
888 2587 983 2612 eum
1008 2572 1265 2613 advenientis
1292 2572 1511 2612 salutasset
1536 2570 1636 2610 dex-

291 2637 478 2683 tramque
493 2630 672 2684 Popillio
698 2632 939 2686 porrigeret,
965 2634 1138 2674 tabellas
1165 2634 1201 2674 ei
1214 2633 1418 2687 Popillius
1445 2631 1633 2686 [senatus
