1804 2926
236 159 315 199 118
478 168 632 201 LIBER
656 168 904 212 xxxxun,
935 170 1076 202 11—13.
1107 169 1347 212 [a.u.c.5›85]

234 271 345 324 quod
372 270 405 311 si
428 271 499 323 qui
525 270 810 325 inrumperent
835 272 982 312 armati
1010 271 1198 321 fuissent,
1226 273 1433 327 extemplo
1454 274 1587 329 cepis-

190 348 207 375 9
234 340 336 373 sent.
398 331 477 373 hoc
502 332 574 373 ubi
604 334 838 387 perfectum
864 349 953 375 esse
980 350 1084 388 opus
1116 334 1318 375 militibus
1350 335 1587 377 nuntiatum

233 403 308 443 cst,
335 395 559 436 clamorem
585 397 744 437 alacres
769 397 924 451 gaudio
950 406 1121 452 repente
1148 398 1316 446 tollunt,
1349 398 1439 439 aliis
1470 409 1587 453 parte

233 456 313 496 alia
336 457 379 497 in
405 457 552 497 urbem
577 458 819 512 inrupturis.

190 533 202 560 1
316 518 423 559 XII.
462 519 607 559 Hostis
644 520 825 573 primum
856 521 1075 561 admiratio
1108 522 1235 576 cepit,
1273 522 1474 575 quidnam
1510 522 1589 563 sibi

188 595 205 623 2
231 581 471 635 repentinus
498 581 654 622 clamor
679 582 816 623 vellet.
877 590 1099 637 postquam
1131 592 1273 637 patere
1298 585 1445 626 urbem
1471 599 1590 626 acce-

230 657 328 695 pere
360 643 561 697 praefecti
592 645 787 698 praesidii
818 644 959 699 Phyto
991 653 1029 686 et
1054 645 1296 700 Philippus,
1334 662 1409 701 pro
1441 661 1490 688 eo
1517 647 1587 700 qui

232 712 478 758 occupasset
517 705 691 759 adgredi
723 721 829 760 opus
861 706 1018 751 factum
1056 723 1146 748 esse
1183 709 1280 756 rati,
1318 724 1413 749 eum
1450 709 1589 750 valida

230 780 357 806 manu
382 767 621 821 Agrianum
645 762 969 822 Illyriorumque
1001 780 1244 824 erumpunt,
1278 771 1588 825 Romanosque,

185 842 204 870 3
231 828 303 881 qui
338 828 393 868 ali
429 829 596 871 aliunde
633 831 802 871 coibant
839 832 1282 884 convocabanturque,
1319 841 1365 873 ut
1395 834 1516 887 signa
1545 834 1589 874 in

230 889 377 930 urbem
418 890 640 940 inferrent,
677 892 959 946 inconpositos
992 900 1117 946 atque
1152 893 1409 934 inordinatos
1439 895 1590 950 fugant

230 959 586 1006 persecunturque
612 954 665 993 ad
690 954 865 1001 fossam,
897 954 939 994 in
965 968 1093 1006 quain
1118 956 1340 1009 conpulsos
1371 956 1492 997 ruina
1517 971 1590 998 cu-

229 1013 403 1053 mulant.
465 1014 644 1055 sescenti
674 1014 806 1056 ferme
838 1016 897 1056 ibi
921 1016 1147 1064 interfecti,
1184 1032 1413 1071 omnesque
1445 1033 1588 1073 prope,

230 1075 302 1127 qui
325 1075 432 1116 inter
456 1091 624 1117 murum
653 1076 895 1131 fossamque
921 1077 1115 1132 deprensi
1140 1088 1278 1128 erant,
1304 1080 1587 1121 volnerantur.

184 1152 203 1181 4
228 1137 286 1178 ita
311 1153 387 1179 suo
412 1139 501 1193 ipse
527 1146 680 1180 conatu
711 1141 929 1194 perculsus
959 1148 1128 1195 praetor
1152 1142 1319 1197 segnior
1343 1143 1397 1184 ad
1422 1144 1503 1184 alia
1526 1143 1589 1184 fa-

230 1208 320 1241 ctus
346 1201 521 1242 consilia
545 1209 646 1243 erat.
707 1210 748 1243 et
778 1218 831 1244 ne
856 1202 1040 1244 Eumeni
1066 1204 1256 1257 quidem,
1289 1204 1410 1245 simul
1428 1207 1583 1257 amari,

229 1263 353 1304 simul
389 1279 414 1304 a
449 1271 559 1305 terra
594 1265 872 1320 adgredienti,
916 1266 1143 1320 quicquam
1178 1267 1278 1308 satis
1322 1269 1588 1322 procedebat.

184 1338 203 1365 5
229 1326 383 1379 placuit
410 1326 538 1381 igitur
567 1328 733 1380 utrique
759 1328 958 1369 custodiis
982 1329 1177 1379 firmatis,
1209 1345 1261 1371 ne
1287 1330 1400 1384 quod
1431 1331 1589 1385 praesi-

230 1387 346 1427 dium
368 1403 420 1429 ex
432 1389 687 1430 Macedonia
710 1390 929 1431 intromitti
953 1399 1108 1445 posset,
1134 1392 1333 1446 quoniam
1358 1392 1420 1434 vis
1446 1400 1589 1447 aperta

186 1462 204 1490 6
230 1464 314 1489 11011
338 1452 626 1504 processisset,
653 1452 850 1506 operibus
875 1454 1040 1494 moenia
1065 1469 1324 1509 oppugnare.
1384 1454 1488 1495 haec
1511 1469 1587 1508 pa-

229 1512 418 1552 rantibus
443 1513 507 1553 his
533 1513 677 1554 decem
703 1514 808 1568 regii
839 1514 967 1555 lembi
992 1515 1045 1555 ab
1071 1515 1372 1556 Thessalonica
1397 1531 1491 1556 cum
1516 1516 1588 1557 de-

230 1573 347 1614 lectis
381 1573 604 1615 Gallorum
637 1575 909 1616 auxiliaribus
939 1576 1074 1625 missi,
1113 1591 1208 1617 cum
1238 1577 1282 1617 in
1313 1578 1400 1618 salo
1433 1585 1588 1618 stantes

230 1634 414 1676 hostium
438 1651 568 1677 naves
594 1637 921 1691 conspexissent,
947 1637 1026 1692 ipsi
1046 1638 1224 1679 obscura
1249 1646 1383 1688 nocte,
1410 1639 1588 1693 simplici

231 1698 396 1748 ordine,
433 1713 559 1752 quam
584 1708 776 1753 poterant
800 1700 989 1754 proxime
1020 1700 1118 1741 litus
1143 1709 1349 1750 tenentes,
1380 1701 1586 1742 intrarunt

187 1773 204 1801 7
230 1760 391 1800 urbem.
428 1761 552 1801 huius
577 1761 675 1801 novi
699 1761 896 1815 praesidii
922 1762 1035 1802 fama
1055 1762 1254 1803 absistere
1273 1763 1588 1817 oppugnatione

231 1821 353 1862 simul
378 1822 591 1863 Romanos
622 1838 849 1878 regemque
882 1824 1031 1878 coegit.
1092 1824 1359 1865 circumvecti
1390 1840 1589 1878 promun-

185 1898 204 1927 S
231 1884 386 1924 turium
423 1885 476 1924 ad
512 1885 710 1926 Toronen
746 1886 922 1926 classem
959 1886 1222 1940 appulerunt.
1290 1901 1382 1927 eam
1420 1901 1588 1940 quoquc

231 1962 476 2001 oppugnare
508 1948 662 1997 adorti,
698 1948 772 1988 ubi
804 1948 944 1989 valida
975 1948 1145 1989 defendi
1174 1964 1302 1989 manu
1327 1949 1590 1991 animadver-

231 2016 384 2058 terunt,
406 2009 529 2049 inrito
543 2010 709 2064 incepto
723 2009 1040 2051 Demetriadem
1061 2018 1220 2064 petunt.
1257 2010 1426 2060 ibicum
1440 2011 1590 2065 adpro-

230 2070 483 2124 pinquantes
508 2072 667 2126 repleta
692 2072 859 2112 moenia
883 2073 1052 2113 armatis
1074 2072 1288 2122 vidissent,
1314 2073 1589 2127 praetervecti

232 2133 285 2173 ad
310 2134 455 2174 Iolcon
481 2135 656 2175 classem
682 2134 954 2189 appulerunt,
990 2135 1087 2176 inde
1113 2150 1214 2189 agro
1245 2143 1405 2176 vastato
1430 2135 1589 2176 Deme—

233 2194 409 2235 triadem
435 2209 600 2248 quoque
627 2196 879 2250 adgressuri.

190 2270 205 2297 1
316 2257 447 2297 XHL
484 2258 601 2299 Inter
625 2258 729 2299 haec
755 2265 797 2299 et
822 2259 980 2306 consul,
1006 2273 1058 2299 ne
1085 2258 1224 2313 segnis
1244 2257 1407 2299 sederet
1426 2266 1589 2299 tantum

232 2318 275 2358 in
300 2333 401 2372 agro
427 2318 584 2368 hostili,
610 2319 674 2360 M.
700 2320 931 2375 Popillium
957 2336 1053 2362 cum
1078 2321 1263 2374 quinque
1289 2320 1457 2361 milibus
1483 2320 1590 2360 mili-

234 2387 322 2419 tum
348 2380 401 2419 ad
425 2380 683 2422 Meliboeam
708 2383 857 2423 urbem
883 2383 1210 2438 oppugnandam
1236 2382 1374 2423 mittit,
1424 2382 1503 2423 sita
1528 2391 1590 2423 est

232 2441 275 2480 in
294 2441 504 2481 radicibus
520 2440 656 2482 Ossae
676 2445 841 2492 montis,
861 2459 945 2498 qua
965 2455 1081 2500 parte
1101 2445 1144 2485 in
1158 2444 1420 2486 Thessaliam
1440 2444 1588 2498 vergit,

189 2515 207 2543 3
234 2509 466 2556 opportune
492 2503 697 2544 inminens
724 2520 848 2558 super
874 2506 1203 2548 Demetriadem.
1247 2506 1406 2560 primus
1432 2506 1587 2546 adven-

233 2573 298 2604 tus
325 2563 506 2604 hostium
531 2565 704 2618 perculit
731 2566 886 2607 incolas
912 2568 1010 2616 loei3
1037 2568 1221 2608 collectis
1247 2567 1396 2608 deinde
1413 2565 1476 2622 [e]
1491 2581 1587 2607 nec-

233 2625 401 2680 opinato
439 2641 593 2680 pavore
634 2626 782 2667 animis
815 2628 1052 2669 discurrunt
1091 2629 1238 2670 armati
1277 2629 1330 2669 ad
1366 2639 1507 2682 portas
1538 2642 1586 2667 ac

189 2392 207 2421 [ὓ
