1804 2926
466 163 619 197 LIBER
642 161 850 205 XXXXH,
877 161 932 195 53.
952 161 1007 195 54.
1035 160 1235 205 [a.o.171]
1472 150 1525 191 73

176 274 374 311 venerant
409 273 549 307 autem
585 265 639 306 ad
674 265 874 318 pecunias
915 279 991 319 pro
1028 263 1298 305 facultatibus
1335 278 1526 318 quaeque
1553 278 1570 304 :3

176 331 259 372 suis
285 337 326 371 et
350 329 607 369 frumentum
631 328 914 382 pollicendum
939 327 993 367 ad
1010 327 1181 368 bellum.
1213 327 1407 367 omnibus
1431 341 1526 381 gra-

175 393 256 434 tiae
281 398 417 440 actae,
442 390 662 431 remissum
688 390 902 439 omnibus3
937 390 1036 430 satis
1061 390 1199 444 regios
1225 397 1450 444 apparatus
1475 389 1528 429 ad

176 469 225 495 ea
257 453 415 494 dictum
445 452 650 493 sufficere.
710 452 905 493 vehicula
934 459 1095 492 tantum
1121 453 1345 506 imperata,
1375 459 1422 492 ut
1446 458 1529 491 tor-

175 523 316 556 menta
346 515 607 567 telorumque
638 513 858 555 missilium
888 514 1104 569 ingentem
1128 514 1214 554 vim
1238 521 1529 568 praeparatam

176 578 455 630 bellicumque
480 576 594 616 aliud
618 577 939 617 instrumentum
966 577 1177 618 veherent.

261 638 483 680 Profectus
519 637 617 679 inde
647 646 733 679 toto
764 638 971 687 exercitu,
1008 638 1249 679 Eordaeam
1280 645 1446 693 petenS,
1477 636 1531 677 ad

176 700 430 755 Begorritim
467 714 593 753 quem
629 708 781 741 vocant
816 701 954 741 lacum
989 701 1132 755 positis
1164 701 1329 749 castris,
1365 708 1532 754 postero

177 763 243 804 die
268 763 311 803 in
330 762 537 803 Elimeam
563 762 616 802 ad
630 762 909 802 Haliacmona
934 763 1107 802 fluvium
1133 762 1346 817 processit.
1383 761 1533 802 deinde

177 825 286 866 saltu
305 831 482 879 angusto
497 824 701 878 superatis
722 825 947 873 montibus,
969 839 1074 878 quos
1089 823 1349 865 Cambunios
1369 831 1533 871 vocant,

178 886 393 927 descendit.
424 886 477 926 ad
507 886 718 935 Azorum,
756 886 981 940 Pythium,
1018 886 1228 927 Dolichen
1252 910 1308 914 ——
1330 885 1533 940 Tripolim

178 956 330 989 vocant
360 948 600 989 incolentes.
661 948 764 989 hacc
796 949 875 989 tria
901 948 1054 1003 oppida
1085 948 1296 1003 paulisper
1326 954 1533 994 cunctata,

179 1010 277 1064 quia
313 1010 478 1050 obsides
504 1009 716 1051 Larisaeis
754 1010 974 1059 dederant,
1013 1010 1124 1051 victa
1155 1018 1295 1051 tamen
1326 1009 1534 1064 praesenti

179 1080 295 1112 metu
320 1072 362 1112 in
388 1072 642 1112 deditionem
667 1080 974 1114 concesserunt.
1023 1072 1204 1127 benigne
1229 1073 1292 1113 his
1319 1070 1535 1126 appellatis

179 1134 294 1174 haud
319 1133 471 1174 dubius
495 1133 760 1174 Perrhaebos
792 1149 958 1187 quoque
989 1135 1101 1175 idem
1129 1134 1353 1189 [facturos,
1380 1132 1434 1188 .]
1468 1148 1538 1173 ur-

180 1196 290 1244 bem,
315 1195 419 1235 nihil
440 1196 645 1236 cunctatis
661 1196 731 1249 qui
750 1196 1001 1244 incolebant,
1027 1197 1160 1250 primo
1176 1197 1358 1237 adventu
1376 1194 1536 1249 recipit.

182 1256 374 1311 Cyretias
406 1271 651 1311 oppugnare
685 1265 874 1307 coactus,
912 1258 1046 1312 primo
1078 1258 1203 1298 etiam
1236 1258 1302 1299 die
1328 1258 1414 1298 acri
1439 1272 1537 1298 con-

181 1334 305 1360 cursu
331 1319 384 1359 ad
408 1326 550 1372 portas
577 1326 832 1360 armatorum
858 1327 920 1360 est.
938 1319 1150 1374 repulsus3
1176 1327 1341 1374 postero
1362 1319 1428 1360 die
1448 1334 1537 1359 om-

180 1382 303 1422 nibus
340 1381 468 1436 copiis
507 1381 676 1422 adortus
706 1382 749 1422 in
781 1381 1035 1423 deditionem
1068 1396 1212 1423 omnes
1245 1390 1340 1423 ante
1372 1389 1538 1422 noctem

181 1445 354 1499 accepit.

265 1507 414 1547 LHH.
452 1506 620 1561 Mylae,
647 1507 886 1562 proximum
912 1506 1132 1562 oppidum,
1158 1507 1218 1548 ita
1241 1506 1469 1553 munitum,
1494 1512 1540 1546 ut

180 1569 528 1624 inexsuperabilis
558 1570 807 1611 munimenti
829 1584 923 1624 spes
948 1570 1105 1610 incolas
1132 1569 1345 1610 ferocioris
1370 1568 1540 1616 faceret,

180 1646 265 1672 non
300 1639 441 1686 portas
479 1632 674 1673 claudere
711 1632 802 1686 regi
834 1631 933 1672 satis
970 1631 1232 1680 habuerunt,
1269 1630 1343 1672 sed
1379 1630 1541 1685 probris

181 1708 349 1747 quoque
373 1694 416 1734 in
442 1694 582 1748 ipsum
596 1694 941 1747 Macedonasque
968 1693 1215 1748 procacibus
1240 1693 1409 1734 iaculati
1431 1699 1539 1732 sunt.
1560 1715 1564 1721 ·

183 1771 290 1810 quae
316 1771 380 1797 res
407 1771 503 1797 cum
527 1756 784 1798 infestiorem
805 1757 969 1797 hostem
989 1756 1043 1797 ad
1062 1755 1395 1811 oppugnandum
1419 1754 1542 1796 fecis-

185 1826 264 1866 set,
290 1818 401 1872 ipsos
428 1818 717 1872 desperatione
743 1818 890 1859 veniae
916 1818 970 1858 ad
996 1819 1174 1859 tuendos
1201 1832 1292 1859 sese
1313 1817 1448 1858 acrius
1475 1831 1544 1857 ac-

185 1880 336 1920 cendit.
395 1879 535 1932 itaque
566 1894 640 1933 per
672 1880 859 1920 triduum
890 1880 1132 1934 ingentibus
1158 1879 1369 1932 utrimque
1394 1878 1542 1918 animis

186 1950 227 1982 ct
262 1948 505 1995 oppugnata
542 1950 604 1981 est
635 1940 716 1996 [et]
755 1942 939 1982 defensa.
1002 1941 1227 1981 multitudo
1258 1941 1544 1981 Macedonum

188 2003 242 2044 ad
267 2002 532 2044 subeundum
557 2002 600 2043 in
625 2003 760 2044 vicem
784 2003 991 2058 proelium
1008 2003 1121 2043 haud
1142 2003 1366 2043 difficulter
1392 2017 1544 2056 suppe-

188 2066 321 2114 tebat3
359 2064 591 2119 oppidanos
622 2065 753 2113 diem,
791 2072 956 2106 noctem
988 2065 1158 2106 eosdem
1189 2064 1344 2105 tuentis
1380 2064 1546 2104 moenia

188 2142 273 2168 non
297 2127 472 2168 vulnera
495 2126 639 2175 modo,
672 2127 746 2167 sed
776 2127 902 2168 etiam
928 2127 1096 2181 vigiliae
1122 2134 1161 2167 et
1187 2126 1402 2167 continens
1428 2125 1546 2166 labor

191 2188 449 2231 conficiebat.
500 2196 648 2241 quarto
675 2188 741 2229 die
767 2203 862 2229 cum
889 2196 930 2229 et
955 2189 1090 2229 scalae
1115 2188 1302 2241 undique
1328 2188 1381 2228 ad
1406 2202 1546 2228 muros

191 2252 450 2305 erigerentur
487 2262 527 2291 et
563 2258 683 2304 porta
718 2250 761 2290 vi
791 2250 947 2291 maiore
978 2258 1312 2305 oppugnaretur,
1349 2249 1548 2304 oppidani

193 2312 356 2367 depulsi
391 2312 519 2352 muris
558 2312 610 2352 ad
647 2319 811 2366 portam
842 2312 1044 2353 tuendam
1076 2319 1329 2353 concurrunt
1366 2311 1548 2366 eruptio-

192 2380 373 2427 nemque
416 2374 677 2428 repentinam
719 2374 762 2414 in
797 2374 927 2415 hostis
964 2374 1142 2422 faciunt3
1184 2388 1293 2427 quae
1331 2388 1426 2414 cum
1461 2374 1547 2415 irae

193 2437 328 2491 magis
347 2436 605 2477 inconsultae
624 2450 750 2489 quam
771 2451 895 2477 verae
911 2436 1088 2477 fiduciae
1107 2436 1259 2476 virium
1279 2443 1400 2484 esset,
1426 2435 1548 2489 pauci

195 2506 236 2541 et
265 2499 365 2540 fessi
397 2499 450 2539 ab
480 2498 653 2553 integris
685 2498 795 2553 pulsi
826 2506 945 2553 terga
978 2496 1223 2552 [dederunt]
1255 2497 1549 2552 fugientesque

196 2576 270 2615 per
293 2568 505 2616 patentem
537 2568 700 2615 portam
731 2560 872 2601 hostes
898 2567 1160 2614 acceperunt.
1220 2561 1279 2601 ita
1303 2567 1425 2614 capta
1449 2560 1549 2600 urbs

197 2638 244 2664 ac
277 2623 437 2678 direpta
468 2630 542 2664 est.
602 2623 733 2664 libera
769 2636 936 2677 quoquc
973 2637 1169 2677 corpora,
1206 2638 1314 2676 quae
1351 2621 1548 2663 caedibus

1552 342 1571 369 4

1566 1766 1585 1795 [0

1572 2201 1591 2229 4

1573 2387 1592 2415 5

1575 2574 1592 2601 (j
