1804 2926
255 196 337 237 236
662 205 705 238 T.
734 205 842 241 LIVI
868 204 1199 242 FRAGMENTA.

405 367 647 394 FRAGMENTA
672 367 727 394 AD
752 368 887 394 ARTEM
910 369 1169 397 RHETORICAM
1193 368 1451 396 SPECTANTIA.

322 428 384 471 75)
406 430 493 464 Fuit
517 430 526 463 i
558 430 629 464 itur
652 430 813 466 brevitas
839 432 904 466 illa
929 433 1127 476 tutissima,
1160 444 1254 477 quae
1281 432 1379 477 apud
1403 431 1549 466 Livium
1574 432 1612 465 in

253 476 411 521 epistola
435 476 483 510 ad
507 442 624 509 fiffium
643 476 795 521 scripta,
822 477 998 522 legendos
1022 478 1308 513 Demosthenem
1333 481 1444 522 atque
1468 476 1611 512 Cicero-

251 533 352 564 nem,
373 525 450 555 tum
469 521 539 564 ita,
560 524 601 555 ut
619 521 772 565 quisque
793 527 890 557 esset
907 522 1146 558 Demostheni
1160 528 1197 559 et
1209 524 1377 559 Ciceroni
1396 522 1611 556 simillimus.

256 568 391 607 Quintil.
409 568 485 601 inst.
501 573 587 600 orat.
602 566 640 600 X
654 567 685 609 1,
700 567 744 600 39
757 569 834 601 coll.
850 568 889 601 II
902 569 934 611 5,
949 569 1005 602 20.

321 612 379 658 76)
405 612 512 646 Titus
527 615 649 646 autem
662 611 788 645 Livius
802 616 877 646 tam
890 613 1034 658 iniquus
1050 612 1224 648 Sallustio
1237 613 1318 657 fuit,
1332 615 1375 645 ut
1385 613 1481 647 hanc
1495 611 1613 657 ipsam

252 657 472 692 sententiam
487 659 547 702 (sc.
565 659 639 691 ‘res
654 657 837 692 secundae
852 658 940 693 mire
955 663 1037 692 sunt
1051 659 1147 693 vitiis
1161 654 1355 701 obtentui')
1374 662 1412 694 et
1423 661 1612 701 tamquam

250 702 468 737 translatam
484 705 520 736 et
533 706 721 746 tamquam
735 707 943 747 corruptam
957 704 1042 738 dum
1055 704 1287 749 transfertur,
1313 704 1478 739 obiceret·
1492 702 1611 737 Sallu-

251 749 332 781 stio.
380 758 450 781 nec
463 748 532 782 hoc
547 758 670 782 amore
685 747 916 793 Thucydidis
929 748 1030 792 facit,
1055 754 1096 784 ut
1114 750 1217 783 illum
1229 750 1430 794 praeferat,
1456 748 1520 782 sed
1534 747 1612 781 lau-

251 793 326 835 dat,
354 803 462 837 quem
483 803 557 826 non
575 792 691 836 timet,
718 796 756 828 et
768 793 913 828 facilius
932 798 1039 839 putat
1055 805 1163 838 posse
1179 806 1200 829 a
1213 806 1251 829 se
1268 795 1482 829 Sallustium
1502 792 1610 835 vinci,

251 838 281 871 si
295 841 379 872 ante
395 850 417 872 a
430 838 649 882 Thucydide
668 838 847 873 vincatur.
895 841 1015 874 Senec.
1034 841 1114 874 rhet.
1136 847 1285 874 controv.
1300 840 1414 876 VIHI
1426 839 1471 873 24
1483 840 1549 873 Bu.
1565 837 1610 881 cf.

250 896 320 917 esce.
337 890 486 917 controv.
501 885 560 917 lib.
573 883 688 918 VIIII
697 896 733 928 p.
748 884 827 928 433,
844 884 898 918 19.

320 929 377 973 77)
403 928 530 962 Livius
555 929 601 963 de
627 929 853 972 oratoribus,
887 929 950 974 qui
972 930 1086 964 verba
1111 930 1265 974 antiqua
1289 932 1326 964 et
1351 928 1500 963 sordida
1525 938 1612 962 con-

250 977 439 1008 sectantur
452 977 489 1008 et
502 974 676 1008 orationis
691 974 954 1009 obscuritatem
973 975 1205 1009 severitatem
1221 978 1365 1019 putant,
1392 973 1517 1008 aiebat
1529 972 1612 1007 Mil-

249 1019 388 1053 tiadem
411 1019 594 1053 rhetorem
619 1019 812 1064 eleganter
841 1019 976 1054 dixisse
1008 1021 1088 1054 ιἐπὶ
1114 1022 1138 1062 †
1165 1027 1241 1052 TON
1266 1026 1416 1052 ΛΕΞιΟΝ
1446 1019 1543 1065 (fort.
1568 1017 1611 1052 τὸ

250 1063 383 1109 δεξιὸν)
409 1064 628 1107 μαίνονταϋ.
677 1067 795 1098 Senec.
815 1066 899 1098 rhet.
918 1071 1067 1099 controv.
1088 1064 1204 1100 VIIII
1223 1065 1267 1099 25
1280 1076 1317 1109 p.
1338 1065 1417 1109 259,
1438 1065 1458 1098 9
1476 1066 1542 1099 Bu.
1565 1063 1610 1106 cf.

250 1121 319 1143 θαι-ε.
336 1116 487 1143 controv.
502 1109 650 1153 Vlfflp
675 1110 755 1153 435,
769 1110 824 1143 23.

319 1155 377 1199 78)
403 1155 447 1188 In
466 1155 535 1188 hoc
554 1155 691 1188 malum
712 1166 733 1188 a
753 1154 973 1199 quibusdam
994 1155 1105 1188 etiam
1123 1154 1332 1198 laboratur,
1357 1165 1477 1199 neque
1490 1154 1528 1188 id
1547 1165 1611 1188 no-

250 1211 333 1233 vum
345 1200 473 1233 vitium
487 1203 553 1243 est,
579 1211 661 1234 cum
673 1199 746 1233 iam
760 1200 859 1244 apud
873 1199 999 1233 Titum
1013 1199 1158 1233 Livium
1171 1200 1366 1244 inveniam,
1379 1199 1492 1235 fuisse
1505 1211 1612 1244 prae-

250 1249 437 1289 ceptorem
451 1245 623 1289 aliquem,
645 1245 707 1289 qui
722 1245 921 1289 discipulos
941 1245 1137 1279 obscurare
1158 1256 1252 1289 quae
1272 1246 1438 1280 dicerent
1456 1246 1610 1290 iuberet,

251 1289 396 1325 Graeco
409 1291 521 1325 verbo
535 1295 642 1325 utens
667 1290 880 1334 ‘oaeco'rmov‘⁷
905 1291 1003 1324 unde
1022 1290 1087 1325 illa
1099 1291 1239 1325 scilicet
1257 1291 1410 1337 egregia
1427 1291 1610 1326 laudatio:

250 1338 373 1416 :Ztailigo
392 1336 538 1381 melior,
563 1348 609 1371 ne
636 1347 705 1381 ego
730 1336 878 1381 quidem
902 1335 1094 1370 intellexi'.
1146 1338 1284 1376 Quintil.
1305 1339 1381 1371 inst.
1409 1344 1495 1372 orat.
1516 1337 1611 1373 VIII

281 1408 289 1425 ,
357 1408 364 1415 .
