1804 2926
517 543 793 587 [PERIOCHA
817 544 957 578 LIBRI
981 545 1183 588 XXXXL]

240 647 361 693 [Ignis
380 646 417 680 in
437 647 529 681 aede
543 647 681 682 Vestae
696 647 876 682 extinctus
895 651 960 682 est.
1011 646 1066 681 Ti.
1082 645 1318 691 Sempronius
1338 646 1528 682 Gracchus

170 698 369 744 proconsul
381 697 586 732 Celtiberos
598 698 712 732 victos
724 699 763 732 in
777 698 1001 733 deditionem
1022 698 1165 742 accepit
1182 702 1528 743 monumentumque

172 761 323 795 operum
345 760 491 782 suorum
506 748 748 783 Gracchurim
767 749 943 794 oppidum
970 749 1007 782 in
1027 748 1212 793 Hispania
1238 750 1429 784 constituit
1453 755 1488 784 et
1508 762 1530 784 a

172 800 362 836 Postumio
387 799 526 834 Albino
556 801 774 844 proconsule
800 800 963 835 Vaccaei
995 812 1039 834 ac
1064 800 1236 834 Lusitani
1264 801 1408 835 subacti
1434 805 1528 835 sunt.

170 855 325 896 uterque
344 850 592 895 trimnphavit.
640 851 846 885 Antiochus
865 851 1041 885 Antiochi
1066 850 1163 884 filius
1189 851 1295 885 obses
1313 852 1488 886 Romanis
1508 863 1530 886 a

171 906 277 947 patre
292 902 411 945 datus,
438 905 581 935 mortuo
594 901 708 936 fratre
725 901 892 945 Seleuco,
914 902 976 946 qui
988 901 1086 946 patri
1100 901 1273 936 defuncto
1289 907 1527 945 successerat,

171 953 210 986 in
229 964 384 998 regnum
403 952 532 997 Syriae
553 953 599 986 ab
619 953 709 987 urbe
729 952 910 986 dimissus.
961 952 1021 997 qui
1044 956 1192 997 praeter
1204 953 1434 998 religionem,
1456 965 1529 998 qua

172 1004 288 1038 multa
306 1003 447 1047 templa
464 1002 664 1048 magnifica
681 1003 805 1037 multis
830 1003 920 1037 locis
941 1003 1066 1047 erexit,
1086 1004 1242 1037 Athenis
1256 1003 1352 1038 Iovis
1368 1003 1529 1049 Olympii

173 1058 210 1088 et
223 1054 443 1088 Antiochiae
459 1053 713 1098 [Capitolini],
734 1054 947 1087 vilissimum
965 1065 1091 1099 regem
1106 1054 1191 1099 egit.
1238 1054 1391 1088 lustrum
1406 1066 1428 1088 a
1446 1066 1528 1089 cen-

173 1104 316 1138 soribus
336 1104 522 1138 conditum
547 1109 619 1149 est,
646 1116 757 1139 censa
775 1108 861 1138 sunt
879 1105 1011 1138 civium
1031 1105 1156 1149 capita
1175 1105 1333 1139 ducenta
1353 1105 1528 1149 quinqua-

172 1157 278 1201 ginta
297 1159 379 1190 octo
399 1155 502 1189 milia
521 1156 681 1190 ducenta
700 1156 907 1200 nonaginta
926 1159 1109 1200 quattuor.
1165 1155 1206 1196 Q.
1227 1156 1413 1190 Voconius
1434 1156 1530 1190 Saxa

172 1207 340 1240 tribunus
360 1205 480 1250 plebis
500 1206 622 1251 legem
641 1206 737 1249 tulit,
756 1218 802 1240 ne
817 1207 897 1250 quis
910 1206 1100 1240 mulierem
1120 1206 1293 1240 heredem
1311 1207 1528 1241 institueret.

172 1256 288 1291 suasit
311 1257 433 1301 legem
457 1256 507 1289 M.
527 1256 636 1300 Cato,
664 1260 764 1291 extat
783 1257 899 1290 oratio
920 1257 1008 1291 eius.
1056 1261 1251 1301 praeterea
1274 1269 1331 1291 res
1357 1258 1529 1292 adversus

171 1307 329 1353 Ligiues
349 1310 386 1341 et
404 1307 549 1340 Histros
569 1311 606 1341 et
627 1308 761 1341 Sardos
781 1311 818 1341 et
836 1307 1040 1342 Celtiberos
1067 1319 1089 1341 a
1115 1308 1352 1352 conpluribus
1377 1308 1529 1342 ducibus

171 1369 344 1403 prospere
364 1361 490 1402 gestas
515 1362 551 1392 et
570 1358 676 1392 initia
696 1358 785 1392 belli
805 1357 1039 1393 Macedonici
1059 1358 1238 1401 continet,
1261 1359 1359 1403 quod
1373 1358 1529 1393 Perseus

174 1409 337 1454 Philippi
361 1408 460 1442 filius
484 1409 714 1444 moliebatur.
775 1409 926 1444 miserat
951 1410 998 1443 ad
1025 1409 1351 1454 Carthaginienses
1375 1410 1529 1454 legatio-

171 1472 271 1503 nem,
299 1463 335 1494 ct
360 1460 406 1494 ab
426 1459 481 1493 his
500 1464 606 1495 nocte
627 1460 755 1495 audita
774 1464 862 1495 erat.
913 1461 978 1496 sed
998 1463 1035 1495 et
1055 1460 1146 1495 alias
1161 1460 1342 1495 Graeciae
1362 1460 1529 1495 civitates

173 1509 427 1553 sollicitabat]

662 1791 835 1844 ΤΙΤΙ
866 1790 1048 1844 LIVI

552 1883 630 1920 AB
668 1884 832 1921 VRBE
869 1883 1157 1922 CONDITA

673 2013 827 2047 LIBER
852 2013 1035 2048 XXXXI.

262 2114 296 2155 Ι.
336 2113 354 2169 [
358 2146 467 2155 .....
473 2113 490 2169 ]
523 2131 547 2156 a
578 2123 696 2170 patre
731 2116 775 2156 in
811 2131 915 2170 pace
952 2117 1140 2157 habitam
1171 2132 1355 2158 armasse
1400 2131 1531 2171 eoque

176 2177 382 2217 iuventuti
423 2178 653 2232 praedandi
697 2178 874 2233 cupidae
914 2186 1135 2234 pergratus
1173 2194 1263 2220 esse
1301 2179 1530 2220 dicebatur.

178 2239 396 2279 consilium
441 2239 492 2280 de
527 2240 714 2282 Histrico
758 2241 868 2282 bello
905 2256 1000 2282 cum
1042 2241 1215 2283 haberet
1256 2242 1420 2291 consul,
1464 2243 1530 2283 alii

178 2300 408 2355 gerendum
433 2303 662 2356 extemplo,
695 2310 919 2356 antequam
952 2303 1195 2344 contrahere
1221 2304 1360 2358 copias
1391 2304 1531 2345 hostes

179 2370 361 2416 possent,
387 2363 457 2403 alii
482 2365 782 2405 consulendum
807 2365 921 2419 prius
948 2373 1138 2406 senatum
1165 2366 1402 2407 censebant.
1435 2367 1531 2407 vicit

180 2424 397 2473 sententia,
424 2438 531 2477 quae
557 2426 666 2467 diem
690 2441 773 2467 non
798 2427 1048 2480 proferebat.
1093 2428 1305 2482 profectus
1331 2429 1534 2482 abAqui-

180 2485 260 2526 leia
285 2486 429 2526 consul
455 2494 590 2528 castra
614 2487 668 2528 ad
691 2488 829 2529 lacum
855 2488 1021 2529 Timavi
1047 2489 1203 2543 posuit3
1229 2489 1401 2531 inminet
1428 2490 1533 2530 mari

180 2547 214 2587 is
239 2547 368 2588 lacus.
431 2549 578 2590 eodem
603 2549 748 2590 decem
778 2551 956 2591 navibus
983 2549 1032 2591 C,
1057 2551 1213 2592 Furius
1240 2552 1435 2593 duumvir
1461 2568 1534 2592 na-

181 2609 284 2650 valis
310 2610 434 2651 venit,
482 2611 681 2653 adversus
705 2612 945 2667 Illyriorum
971 2614 1147 2655 classem
1173 2614 1299 2655 creati
1325 2614 1533 2655 duumviri

249 2675 308 2702 Liri
324 2677 374 2703 vol.
387 2677 432 2703 IV.
1290 2681 1307 2713 1

1559 2382 1576 2408 Ν.

1561 2628 1578 2655 3
