<?xml version="1.0" encoding="UTF-8"?>
<!DOCTYPE html PUBLIC "-//W3C//DTD XHTML 1.0 Transitional//EN"
    "http://www.w3.org/TR/xhtml1/DTD/xhtml1-transitional.dtd">
<html xmlns="http://www.w3.org/1999/xhtml" xml:lang="en" lang="en">
 <head>
  <title>
</title>
<meta http-equiv="Content-Type" content="text/html;charset=utf-8" />
  <meta name='ocr-system' content='tesseract 3.04.00' />
  <meta name='ocr-capabilities' content='ocr_page ocr_carea ocr_par ocr_line ocrx_word'/>
</head>
<body>
  <div class='ocr_page' id='page_1' title='image "./aburbeconditalib04livyuoft_0101.png"; bbox 0 0 1804 2926; ppageno 0'>
   <div class='ocr_carea' id='block_1_1' title="bbox 486 150 1537 200">
    <p class='ocr_par' dir='ltr' id='par_1_1' title="bbox 486 150 1537 200">
     <span class='ocr_line' id='line_1_1' title="bbox 486 150 1537 200; baseline -0.003 -9"><span class='ocrx_word' id='word_1_1' title='bbox 486 157 638 191; x_wconf 82' lang='lat' dir='ltr'>LIBER</span> <span class='ocrx_word' id='word_1_2' title='bbox 661 156 849 200; x_wconf 62' lang='lat' dir='ltr'>mmm,</span> <span class='ocrx_word' id='word_1_3' title='bbox 875 157 929 191; x_wconf 80' lang='lat'>27.</span> <span class='ocrx_word' id='word_1_4' title='bbox 949 156 1004 190; x_wconf 76' lang='lat'>28.</span> <span class='ocrx_word' id='word_1_5' title='bbox 1032 155 1231 200; x_wconf 78' lang='lat' dir='ltr'>[a.c.174]</span> <span class='ocrx_word' id='word_1_6' title='bbox 1485 150 1537 189; x_wconf 76' lang='grc'>27</span> 
     </span>
    </p>
   </div>
   <div class='ocr_carea' id='block_1_2' title="bbox 183 259 1542 2667">
    <p class='ocr_par' dir='ltr' id='par_1_2' title="bbox 184 259 1542 748">
     <span class='ocr_line' id='line_1_2' title="bbox 189 259 1539 313; baseline -0.004 -8"><span class='ocrx_word' id='word_1_7' title='bbox 189 263 334 305; x_wconf 89' lang='lat' dir='ltr'>aedem</span> <span class='ocrx_word' id='word_1_8' title='bbox 356 260 537 308; x_wconf 84' lang='lat' dir='ltr'>Pisauri,</span> <span class='ocrx_word' id='word_1_9' title='bbox 562 267 603 301; x_wconf 89' lang='lat' dir='ltr'>et</span> <span class='ocrx_word' id='word_1_10' title='bbox 626 259 801 308; x_wconf 80' lang='lat' dir='ltr'><strong>Fundis,</strong></span> <span class='ocrx_word' id='word_1_11' title='bbox 827 267 867 300; x_wconf 87' lang='lat' dir='ltr'>et</span> <span class='ocrx_word' id='word_1_12' title='bbox 891 259 1111 301; x_wconf 76' lang='lat' dir='ltr'>Potentiae</span> <span class='ocrx_word' id='word_1_13' title='bbox 1137 260 1263 300; x_wconf 90' lang='lat' dir='ltr'>etiam</span> <span class='ocrx_word' id='word_1_14' title='bbox 1288 273 1442 313; x_wconf 87' lang='lat' dir='ltr'>aquam</span> <span class='ocrx_word' id='word_1_15' title='bbox 1466 260 1539 300; x_wconf 88' lang='lat' dir='ltr'>ad-</span> 
     </span>
     <span class='ocr_line' id='line_1_3' title="bbox 187 321 1539 372; baseline -0.001 -7"><span class='ocrx_word' id='word_1_16' title='bbox 187 323 435 372; x_wconf 85' lang='lat' dir='ltr'>ducendam,</span> <span class='ocrx_word' id='word_1_17' title='bbox 455 330 497 364; x_wconf 83' lang='lat' dir='ltr'>et</span> <span class='ocrx_word' id='word_1_18' title='bbox 509 321 677 363; x_wconf 82' lang='lat' dir='ltr'>Pisauri</span> <span class='ocrx_word' id='word_1_19' title='bbox 696 322 808 362; x_wconf 85' lang='lat' dir='ltr'>viam</span> <span class='ocrx_word' id='word_1_20' title='bbox 828 322 940 362; x_wconf 91' lang='lat' dir='ltr'>silice</span> <span class='ocrx_word' id='word_1_21' title='bbox 956 321 1236 371; x_wconf 78' lang='lat' dir='ltr'>sternendam,</span> <span class='ocrx_word' id='word_1_22' title='bbox 1258 331 1296 364; x_wconf 88' lang='lat' dir='ltr'>ct</span> <span class='ocrx_word' id='word_1_23' title='bbox 1313 321 1539 363; x_wconf 83' lang='lat' dir='ltr'>Sinuessae</span> 
     </span>
     <span class='ocr_line' id='line_1_4' title="bbox 187 383 1540 441; baseline -0.001 -14"><span class='ocrx_word' id='word_1_24' title='bbox 187 384 389 441; x_wconf 85' lang='lat' dir='ltr'>maga[lia</span> <span class='ocrx_word' id='word_1_25' title='bbox 408 383 635 439; x_wconf 87' lang='lat' dir='ltr'>addend]a,</span> <span class='ocrx_word' id='word_1_26' title='bbox 654 384 843 435; x_wconf 90' lang='lat' dir='ltr'>†viariae</span> <span class='ocrx_word' id='word_1_27' title='bbox 862 384 905 424; x_wconf 90' lang='lat' dir='ltr'>in</span> <span class='ocrx_word' id='word_1_28' title='bbox 924 383 988 424; x_wconf 88' lang='lat' dir='ltr'>his</span> <span class='ocrx_word' id='word_1_29' title='bbox 1009 392 1050 425; x_wconf 92' lang='lat' dir='ltr'>et</span> <span class='ocrx_word' id='word_1_30' title='bbox 1070 383 1268 439; x_wconf 88' lang='lat' dir='ltr'>clo[acas,</span> <span class='ocrx_word' id='word_1_31' title='bbox 1290 392 1330 425; x_wconf 90' lang='lat' dir='ltr'>et</span> <span class='ocrx_word' id='word_1_32' title='bbox 1350 383 1540 439; x_wconf 88' lang='lat' dir='ltr'>mur]um</span> 
     </span>
     <span class='ocr_line' id='line_1_5' title="bbox 186 445 1540 502; baseline -0.001 -14"><span class='ocrx_word' id='word_1_33' title='bbox 186 446 605 502; x_wconf 86' lang='lat' dir='ltr'>eircumducen[dum</span> <span class='ocrx_word' id='word_1_34' title='bbox 645 445 690 500; x_wconf 77' lang='lat'>÷÷]</span> <span class='ocrx_word' id='word_1_35' title='bbox 735 453 775 487; x_wconf 90' lang='lat' dir='ltr'>et</span> <span class='ocrx_word' id='word_1_36' title='bbox 816 446 955 486; x_wconf 90' lang='lat' dir='ltr'>forum</span> <span class='ocrx_word' id='word_1_37' title='bbox 997 446 1225 500; x_wconf 88' lang='lat' dir='ltr'>porticibus</span> <span class='ocrx_word' id='word_1_38' title='bbox 1273 447 1540 500; x_wconf 77' lang='lat' dir='ltr'>tabernisque</span> 
     </span>
     <span class='ocr_line' id='line_1_6' title="bbox 186 507 1541 551; baseline -0.002 0"><span class='ocrx_word' id='word_1_39' title='bbox 186 509 466 551; x_wconf 89' lang='lat' dir='ltr'>claudendum</span> <span class='ocrx_word' id='word_1_40' title='bbox 497 516 538 550; x_wconf 90' lang='lat' dir='ltr'>et</span> <span class='ocrx_word' id='word_1_41' title='bbox 568 509 694 550; x_wconf 87' lang='lat' dir='ltr'>Ianos</span> <span class='ocrx_word' id='word_1_42' title='bbox 727 508 800 549; x_wconf 88' lang='lat' dir='ltr'>tris</span> <span class='ocrx_word' id='word_1_43' title='bbox 833 508 1060 549; x_wconf 86' lang='lat' dir='ltr'>faciendos.</span> <span class='ocrx_word' id='word_1_44' title='bbox 1120 507 1225 550; x_wconf 88' lang='lat' dir='ltr'>haec</span> <span class='ocrx_word' id='word_1_45' title='bbox 1257 509 1310 549; x_wconf 87' lang='lat' dir='ltr'>ab</span> <span class='ocrx_word' id='word_1_46' title='bbox 1335 524 1418 550; x_wconf 92' lang='lat' dir='ltr'>uno</span> <span class='ocrx_word' id='word_1_47' title='bbox 1444 524 1541 549; x_wconf 89' lang='lat' dir='ltr'>cen-</span> 
     </span>
     <span class='ocr_line' id='line_1_7' title="bbox 187 570 1542 626; baseline -0.001 -14"><span class='ocrx_word' id='word_1_48' title='bbox 187 585 279 612; x_wconf 84' lang='lat' dir='ltr'>sore</span> <span class='ocrx_word' id='word_1_49' title='bbox 304 585 430 626; x_wconf 89' lang='lat' dir='ltr'>opera</span> <span class='ocrx_word' id='word_1_50' title='bbox 454 571 590 611; x_wconf 86' lang='lat' dir='ltr'>locata</span> <span class='ocrx_word' id='word_1_51' title='bbox 615 585 710 611; x_wconf 90' lang='lat' dir='ltr'>eum</span> <span class='ocrx_word' id='word_1_52' title='bbox 729 585 885 624; x_wconf 85' lang='lat' dir='ltr'>magna</span> <span class='ocrx_word' id='word_1_53' title='bbox 908 570 1044 624; x_wconf 88' lang='lat' dir='ltr'>gratia</span> <span class='ocrx_word' id='word_1_54' title='bbox 1065 570 1319 610; x_wconf 88' lang='lat' dir='ltr'>colonorum.</span> <span class='ocrx_word' id='word_1_55' title='bbox 1355 570 1542 610; x_wconf 89' lang='lat' dir='ltr'>moribus</span> 
     </span>
     <span class='ocr_line' id='line_1_8' title="bbox 184 631 1539 687; baseline -0.001 -13"><span class='ocrx_word' id='word_1_56' title='bbox 184 647 352 687; x_wconf 88' lang='lat' dir='ltr'>quoque</span> <span class='ocrx_word' id='word_1_57' title='bbox 376 633 571 687; x_wconf 83' lang='lat' dir='ltr'>regendis</span> <span class='ocrx_word' id='word_1_58' title='bbox 596 632 773 687; x_wconf 86' lang='lat' dir='ltr'>diligens</span> <span class='ocrx_word' id='word_1_59' title='bbox 799 639 839 673; x_wconf 93' lang='lat' dir='ltr'>et</span> <span class='ocrx_word' id='word_1_60' title='bbox 870 647 1017 674; x_wconf 80' lang='lat' dir='ltr'>severa</span> <span class='ocrx_word' id='word_1_61' title='bbox 1042 647 1217 673; x_wconf 81' lang='lat' dir='ltr'>censura</span> <span class='ocrx_word' id='word_1_62' title='bbox 1246 631 1338 672; x_wconf 86' lang='lat' dir='ltr'>fuit.</span> <span class='ocrx_word' id='word_1_63' title='bbox 1398 632 1539 672; x_wconf 89' lang='lat' dir='ltr'>multis</span> 
     </span>
     <span class='ocr_line' id='line_1_9' title="bbox 184 694 501 748; baseline -0.006 -12"><span class='ocrx_word' id='word_1_64' title='bbox 184 695 281 748; x_wconf 83' lang='lat' dir='ltr'>equi</span> <span class='ocrx_word' id='word_1_65' title='bbox 306 694 501 748; x_wconf 79' lang='lat' dir='ltr'>adempti.</span> 
     </span>
    </p>

    <p class='ocr_par' dir='ltr' id='par_1_3' title="bbox 183 755 1541 1801">
     <span class='ocr_line' id='line_1_10' title="bbox 268 755 1540 811; baseline 0 -15"><span class='ocrx_word' id='word_1_66' title='bbox 268 755 491 798; x_wconf 85' lang='lat' dir='ltr'>XXVIII.</span> <span class='ocrx_word' id='word_1_67' title='bbox 534 755 665 798; x_wconf 78' lang='lat' dir='ltr'>Exitu</span> <span class='ocrx_word' id='word_1_68' title='bbox 695 770 826 811; x_wconf 83' lang='lat' dir='ltr'>prope</span> <span class='ocrx_word' id='word_1_69' title='bbox 856 755 954 796; x_wconf 88' lang='lat' dir='ltr'>anni</span> <span class='ocrx_word' id='word_1_70' title='bbox 991 755 1101 797; x_wconf 90' lang='lat' dir='ltr'>diem</span> <span class='ocrx_word' id='word_1_71' title='bbox 1131 771 1263 796; x_wconf 89' lang='lat' dir='ltr'>unum</span> <span class='ocrx_word' id='word_1_72' title='bbox 1293 755 1540 810; x_wconf 80' lang='lat' dir='ltr'>supplicatio</span> 
     </span>
     <span class='ocr_line' id='line_1_11' title="bbox 183 818 1540 873; baseline -0.001 -14"><span class='ocrx_word' id='word_1_73' title='bbox 183 819 263 859; x_wconf 85' lang='lat' dir='ltr'>fuit</span> <span class='ocrx_word' id='word_1_74' title='bbox 287 818 341 859; x_wconf 91' lang='lat' dir='ltr'>ob</span> <span class='ocrx_word' id='word_1_75' title='bbox 371 833 437 859; x_wconf 89' lang='lat' dir='ltr'>res</span> <span class='ocrx_word' id='word_1_76' title='bbox 469 833 666 873; x_wconf 85' lang='lat' dir='ltr'>prospere</span> <span class='ocrx_word' id='word_1_77' title='bbox 698 825 837 873; x_wconf 87' lang='lat' dir='ltr'>gestas</span> <span class='ocrx_word' id='word_1_78' title='bbox 869 818 912 859; x_wconf 88' lang='lat' dir='ltr'>in</span> <span class='ocrx_word' id='word_1_79' title='bbox 937 818 1146 872; x_wconf 79' lang='lat' dir='ltr'>Hispania</span> <span class='ocrx_word' id='word_1_80' title='bbox 1176 818 1304 858; x_wconf 92' lang='lat' dir='ltr'>ductu</span> <span class='ocrx_word' id='word_1_81' title='bbox 1334 818 1540 872; x_wconf 87' lang='lat' dir='ltr'>auspicio-</span> 
     </span>
     <span class='ocr_line' id='line_1_12' title="bbox 183 878 1540 934; baseline -0.001 -13"><span class='ocrx_word' id='word_1_82' title='bbox 183 895 265 934; x_wconf 93' lang='lat' dir='ltr'>que</span> <span class='ocrx_word' id='word_1_83' title='bbox 289 880 407 934; x_wconf 84' lang='lat' dir='ltr'>Appi</span> <span class='ocrx_word' id='word_1_84' title='bbox 433 878 586 921; x_wconf 85' lang='lat' dir='ltr'>Claudi</span> <span class='ocrx_word' id='word_1_85' title='bbox 610 880 889 934; x_wconf 81' lang='lat' dir='ltr'>proconsulis3</span> <span class='ocrx_word' id='word_1_86' title='bbox 922 887 962 921; x_wconf 87' lang='lat' dir='ltr'>et</span> <span class='ocrx_word' id='word_1_87' title='bbox 986 880 1212 920; x_wconf 87' lang='lat' dir='ltr'>maioribus</span> <span class='ocrx_word' id='word_1_88' title='bbox 1238 880 1366 920; x_wconf 78' lang='lat' dir='ltr'>hostis</span> <span class='ocrx_word' id='word_1_89' title='bbox 1392 880 1540 934; x_wconf 69' lang='lat' dir='ltr'>viginti</span> 
     </span>
     <span class='ocr_line' id='line_1_13' title="bbox 184 940 1537 996; baseline -0.001 -13"><span class='ocrx_word' id='word_1_90' title='bbox 184 943 474 983; x_wconf 88' lang='lat' dir='ltr'>sacrificatum.</span> <span class='ocrx_word' id='word_1_91' title='bbox 546 949 586 983; x_wconf 91' lang='lat' dir='ltr'>et</span> <span class='ocrx_word' id='word_1_92' title='bbox 623 942 799 983; x_wconf 89' lang='lat' dir='ltr'>alterum</span> <span class='ocrx_word' id='word_1_93' title='bbox 836 943 947 983; x_wconf 93' lang='lat' dir='ltr'>diem</span> <span class='ocrx_word' id='word_1_94' title='bbox 984 942 1230 996; x_wconf 84' lang='lat' dir='ltr'>supplicatio</span> <span class='ocrx_word' id='word_1_95' title='bbox 1267 942 1322 982; x_wconf 91' lang='lat' dir='ltr'>ad</span> <span class='ocrx_word' id='word_1_96' title='bbox 1358 940 1537 991; x_wconf 84' lang='lat' dir='ltr'>Cereris,</span> 
     </span>
     <span class='ocr_line' id='line_1_14' title="bbox 184 1003 1539 1057; baseline -0.001 -13"><span class='ocrx_word' id='word_1_97' title='bbox 184 1004 331 1045; x_wconf 86' lang='lat' dir='ltr'>Liberi</span> <span class='ocrx_word' id='word_1_98' title='bbox 355 1003 621 1057; x_wconf 82' lang='lat' dir='ltr'>Liberaeque</span> <span class='ocrx_word' id='word_1_99' title='bbox 660 1004 757 1053; x_wconf 88' lang='lat' dir='ltr'>fuit,</span> <span class='ocrx_word' id='word_1_100' title='bbox 795 1004 908 1057; x_wconf 90' lang='lat' dir='ltr'>quod</span> <span class='ocrx_word' id='word_1_101' title='bbox 945 1019 997 1045; x_wconf 79' lang='lat' dir='ltr'>ex</span> <span class='ocrx_word' id='word_1_102' title='bbox 1031 1004 1197 1045; x_wconf 81' lang='lat' dir='ltr'>Sabinis</span> <span class='ocrx_word' id='word_1_103' title='bbox 1236 1011 1371 1045; x_wconf 89' lang='lat' dir='ltr'>terrae</span> <span class='ocrx_word' id='word_1_104' title='bbox 1402 1012 1539 1044; x_wconf 90' lang='lat' dir='ltr'>motus</span> 
     </span>
     <span class='ocr_line' id='line_1_15' title="bbox 184 1066 1538 1121; baseline 0 -15"><span class='ocrx_word' id='word_1_105' title='bbox 184 1066 331 1121; x_wconf 89' lang='lat' dir='ltr'>ingens</span> <span class='ocrx_word' id='word_1_106' title='bbox 375 1079 471 1106; x_wconf 89' lang='lat' dir='ltr'>eum</span> <span class='ocrx_word' id='word_1_107' title='bbox 511 1066 652 1106; x_wconf 89' lang='lat' dir='ltr'>multis</span> <span class='ocrx_word' id='word_1_108' title='bbox 696 1066 981 1106; x_wconf 88' lang='lat' dir='ltr'>aedificiorum</span> <span class='ocrx_word' id='word_1_109' title='bbox 1016 1066 1146 1107; x_wconf 89' lang='lat' dir='ltr'>ruinis</span> <span class='ocrx_word' id='word_1_110' title='bbox 1186 1066 1400 1106; x_wconf 86' lang='lat' dir='ltr'>nuntiatus</span> <span class='ocrx_word' id='word_1_111' title='bbox 1438 1073 1538 1106; x_wconf 86' lang='lat' dir='ltr'>erat.</span> 
     </span>
     <span class='ocr_line' id='line_1_16' title="bbox 185 1126 1540 1182; baseline -0.001 -14"><span class='ocrx_word' id='word_1_112' title='bbox 185 1143 281 1169; x_wconf 90' lang='lat' dir='ltr'>cum</span> <span class='ocrx_word' id='word_1_113' title='bbox 300 1128 384 1182; x_wconf 76' lang='lat' dir='ltr'>Ap.</span> <span class='ocrx_word' id='word_1_114' title='bbox 408 1126 612 1168; x_wconf 86' lang='lat' dir='ltr'>Claudius</span> <span class='ocrx_word' id='word_1_115' title='bbox 638 1143 689 1168; x_wconf 83' lang='lat' dir='ltr'>ex</span> <span class='ocrx_word' id='word_1_116' title='bbox 709 1128 917 1182; x_wconf 80' lang='lat' dir='ltr'>Hispania</span> <span class='ocrx_word' id='word_1_117' title='bbox 937 1128 1118 1168; x_wconf 82' lang='lat' dir='ltr'>Romam</span> <span class='ocrx_word' id='word_1_118' title='bbox 1141 1128 1328 1176; x_wconf 79' lang='lat' dir='ltr'>redisset,</span> <span class='ocrx_word' id='word_1_119' title='bbox 1356 1127 1540 1168; x_wconf 74' lang='lat' dir='ltr'>decrevit</span> 
     </span>
     <span class='ocr_line' id='line_1_17' title="bbox 185 1189 1539 1239; baseline 0 -10"><span class='ocrx_word' id='word_1_120' title='bbox 185 1198 370 1239; x_wconf 88' lang='lat' dir='ltr'>senatus,</span> <span class='ocrx_word' id='word_1_121' title='bbox 402 1197 447 1230; x_wconf 90' lang='lat' dir='ltr'>ut</span> <span class='ocrx_word' id='word_1_122' title='bbox 474 1203 602 1230; x_wconf 79' lang='lat' dir='ltr'>ovans</span> <span class='ocrx_word' id='word_1_123' title='bbox 633 1190 781 1231; x_wconf 89' lang='lat' dir='ltr'>urbem</span> <span class='ocrx_word' id='word_1_124' title='bbox 812 1189 946 1230; x_wconf 87' lang='lat' dir='ltr'>iniret.</span> <span class='ocrx_word' id='word_1_125' title='bbox 1006 1190 1089 1230; x_wconf 87' lang='lat' dir='ltr'>iam</span> <span class='ocrx_word' id='word_1_126' title='bbox 1114 1189 1348 1230; x_wconf 85' lang='lat' dir='ltr'>consularia</span> <span class='ocrx_word' id='word_1_127' title='bbox 1373 1189 1539 1230; x_wconf 90' lang='lat' dir='ltr'>comitia</span> 
     </span>
     <span class='ocr_line' id='line_1_18' title="bbox 185 1251 1539 1306; baseline -0.001 -14"><span class='ocrx_word' id='word_1_128' title='bbox 185 1252 457 1306; x_wconf 83' lang='lat' dir='ltr'>adpetebant3</span> <span class='ocrx_word' id='word_1_129' title='bbox 500 1251 652 1304; x_wconf 89' lang='lat' dir='ltr'>quibus</span> <span class='ocrx_word' id='word_1_130' title='bbox 688 1267 842 1306; x_wconf 86' lang='lat' dir='ltr'>magna</span> <span class='ocrx_word' id='word_1_131' title='bbox 879 1252 1141 1292; x_wconf 83' lang='lat' dir='ltr'>contentione</span> <span class='ocrx_word' id='word_1_132' title='bbox 1182 1251 1334 1292; x_wconf 83' lang='lat' dir='ltr'>habitis</span> <span class='ocrx_word' id='word_1_133' title='bbox 1369 1258 1539 1306; x_wconf 86' lang='lat' dir='ltr'>propter</span> 
     </span>
     <span class='ocr_line' id='line_1_19' title="bbox 185 1313 1540 1366; baseline 0 -13"><span class='ocrx_word' id='word_1_134' title='bbox 185 1313 492 1354; x_wconf 86' lang='lat' dir='ltr'>multitudinem</span> <span class='ocrx_word' id='word_1_135' title='bbox 523 1313 753 1366; x_wconf 87' lang='lat' dir='ltr'>petentium</span> <span class='ocrx_word' id='word_1_136' title='bbox 785 1313 912 1353; x_wconf 87' lang='lat' dir='ltr'>creati</span> <span class='ocrx_word' id='word_1_137' title='bbox 943 1313 996 1353; x_wconf 88' lang='lat' dir='ltr'>L.</span> <span class='ocrx_word' id='word_1_138' title='bbox 1021 1313 1265 1353; x_wconf 85' lang='lat' dir='ltr'>Postumius</span> <span class='ocrx_word' id='word_1_139' title='bbox 1291 1313 1473 1353; x_wconf 79' lang='lat' dir='ltr'>Albinus</span> <span class='ocrx_word' id='word_1_140' title='bbox 1499 1320 1540 1353; x_wconf 83' lang='lat' dir='ltr'>et</span> 
     </span>
     <span class='ocr_line' id='line_1_20' title="bbox 185 1374 1538 1429; baseline -0.001 -13"><span class='ocrx_word' id='word_1_141' title='bbox 185 1376 247 1416; x_wconf 86' lang='lat' dir='ltr'>M.</span> <span class='ocrx_word' id='word_1_142' title='bbox 279 1375 484 1429; x_wconf 88' lang='lat' dir='ltr'>Popillius</span> <span class='ocrx_word' id='word_1_143' title='bbox 520 1374 702 1415; x_wconf 88' lang='lat' dir='ltr'>Laenas.</span> <span class='ocrx_word' id='word_1_144' title='bbox 776 1383 988 1428; x_wconf 81' lang='lat' dir='ltr'>praetores</span> <span class='ocrx_word' id='word_1_145' title='bbox 1024 1375 1120 1415; x_wconf 91' lang='lat' dir='ltr'>inde</span> <span class='ocrx_word' id='word_1_146' title='bbox 1157 1375 1256 1415; x_wconf 85' lang='lat' dir='ltr'>facti</span> <span class='ocrx_word' id='word_1_147' title='bbox 1292 1375 1346 1415; x_wconf 70' lang='lat' dir='ltr'>N.</span> <span class='ocrx_word' id='word_1_148' title='bbox 1378 1375 1538 1415; x_wconf 83' lang='lat' dir='ltr'>Fabius</span> 
     </span>
     <span class='ocr_line' id='line_1_21' title="bbox 185 1435 1539 1491; baseline 0 -14"><span class='ocrx_word' id='word_1_149' title='bbox 185 1438 340 1486; x_wconf 85' lang='lat' dir='ltr'>Buteo,</span> <span class='ocrx_word' id='word_1_150' title='bbox 368 1435 417 1477; x_wconf 87' lang='lat' dir='ltr'>C.</span> <span class='ocrx_word' id='word_1_151' title='bbox 443 1436 679 1485; x_wconf 56' lang='lat' dir='ltr'>BIatienus,</span> <span class='ocrx_word' id='word_1_152' title='bbox 707 1435 756 1476; x_wconf 85' lang='lat' dir='ltr'>C.</span> <span class='ocrx_word' id='word_1_153' title='bbox 784 1435 1017 1485; x_wconf 81' lang='lat' dir='ltr'>Cicereius,</span> <span class='ocrx_word' id='word_1_154' title='bbox 1050 1437 1112 1476; x_wconf 87' lang='lat' dir='ltr'>M.</span> <span class='ocrx_word' id='word_1_155' title='bbox 1138 1436 1293 1476; x_wconf 85' lang='lat' dir='ltr'>Furius</span> <span class='ocrx_word' id='word_1_156' title='bbox 1320 1435 1539 1491; x_wconf 82' lang='lat' dir='ltr'>Crassipes</span> 
     </span>
     <span class='ocr_line' id='line_1_22' title="bbox 184 1496 1541 1548; baseline 0.001 -10"><span class='ocrx_word' id='word_1_157' title='bbox 184 1499 355 1548; x_wconf 88' lang='lat' dir='ltr'>iterum,</span> <span class='ocrx_word' id='word_1_158' title='bbox 387 1498 442 1538; x_wconf 84' lang='lat' dir='ltr'>A.</span> <span class='ocrx_word' id='word_1_159' title='bbox 469 1498 625 1538; x_wconf 75' lang='lat' dir='ltr'>Atilius</span> <span class='ocrx_word' id='word_1_160' title='bbox 653 1497 859 1539; x_wconf 81' lang='lat' dir='ltr'>Serranus</span> <span class='ocrx_word' id='word_1_161' title='bbox 890 1498 1060 1547; x_wconf 88' lang='lat' dir='ltr'>iterum,</span> <span class='ocrx_word' id='word_1_162' title='bbox 1094 1496 1144 1538; x_wconf 82' lang='lat' dir='ltr'>C.</span> <span class='ocrx_word' id='word_1_163' title='bbox 1171 1496 1347 1538; x_wconf 80' lang='lat' dir='ltr'>Cluvius</span> <span class='ocrx_word' id='word_1_164' title='bbox 1381 1497 1541 1539; x_wconf 77' lang='lat' dir='ltr'>Saxula</span> 
     </span>
     <span class='ocr_line' id='line_1_23' title="bbox 184 1558 1539 1614; baseline 0 -13"><span class='ocrx_word' id='word_1_165' title='bbox 184 1562 348 1602; x_wconf 88' lang='lat' dir='ltr'>iterum.</span> <span class='ocrx_word' id='word_1_166' title='bbox 409 1561 569 1601; x_wconf 82' lang='lat' dir='ltr'>comitis</span> <span class='ocrx_word' id='word_1_167' title='bbox 602 1560 797 1614; x_wconf 86' lang='lat' dir='ltr'>perfectis</span> <span class='ocrx_word' id='word_1_168' title='bbox 823 1561 906 1614; x_wconf 72' lang='lat' dir='ltr'>Ap.</span> <span class='ocrx_word' id='word_1_169' title='bbox 935 1558 1138 1601; x_wconf 75' lang='lat' dir='ltr'>Claudius</span> <span class='ocrx_word' id='word_1_170' title='bbox 1166 1559 1330 1601; x_wconf 84' lang='lat' dir='ltr'>Centho</span> <span class='ocrx_word' id='word_1_171' title='bbox 1364 1576 1417 1601; x_wconf 75' lang='lat' dir='ltr'>ex</span> <span class='ocrx_word' id='word_1_172' title='bbox 1442 1559 1539 1601; x_wconf 86' lang='lat' dir='ltr'>Cel-</span> 
     </span>
     <span class='ocr_line' id='line_1_24' title="bbox 185 1622 1538 1677; baseline -0.001 -14"><span class='ocrx_word' id='word_1_173' title='bbox 185 1623 326 1663; x_wconf 84' lang='lat' dir='ltr'>tiberis</span> <span class='ocrx_word' id='word_1_174' title='bbox 360 1637 488 1663; x_wconf 80' lang='lat' dir='ltr'>ovans</span> <span class='ocrx_word' id='word_1_175' title='bbox 520 1637 616 1662; x_wconf 88' lang='lat' dir='ltr'>cum</span> <span class='ocrx_word' id='word_1_176' title='bbox 651 1622 694 1662; x_wconf 90' lang='lat' dir='ltr'>iu</span> <span class='ocrx_word' id='word_1_177' title='bbox 725 1623 873 1663; x_wconf 90' lang='lat' dir='ltr'>urbem</span> <span class='ocrx_word' id='word_1_178' title='bbox 903 1622 1043 1670; x_wconf 88' lang='lat' dir='ltr'>iniret,</span> <span class='ocrx_word' id='word_1_179' title='bbox 1081 1623 1226 1664; x_wconf 86' lang='lat' dir='ltr'>decem</span> <span class='ocrx_word' id='word_1_180' title='bbox 1256 1622 1370 1662; x_wconf 86' lang='lat' dir='ltr'>milia</span> <span class='ocrx_word' id='word_1_181' title='bbox 1400 1622 1538 1677; x_wconf 87' lang='lat' dir='ltr'>pondo</span> 
     </span>
     <span class='ocr_line' id='line_1_25' title="bbox 186 1684 1540 1739; baseline -0.001 -14"><span class='ocrx_word' id='word_1_182' title='bbox 186 1684 359 1739; x_wconf 80' lang='lat' dir='ltr'>argenti,</span> <span class='ocrx_word' id='word_1_183' title='bbox 385 1684 568 1737; x_wconf 87' lang='lat' dir='ltr'>quinque</span> <span class='ocrx_word' id='word_1_184' title='bbox 590 1684 703 1724; x_wconf 86' lang='lat' dir='ltr'>milia</span> <span class='ocrx_word' id='word_1_185' title='bbox 724 1684 813 1724; x_wconf 86' lang='lat' dir='ltr'>auri</span> <span class='ocrx_word' id='word_1_186' title='bbox 838 1685 880 1725; x_wconf 90' lang='lat' dir='ltr'>in</span> <span class='ocrx_word' id='word_1_187' title='bbox 900 1685 1107 1725; x_wconf 88' lang='lat' dir='ltr'>aerarium</span> <span class='ocrx_word' id='word_1_188' title='bbox 1125 1684 1232 1725; x_wconf 86' lang='lat' dir='ltr'>tulit.</span> <span class='ocrx_word' id='word_1_189' title='bbox 1269 1685 1421 1726; x_wconf 88' lang='lat' dir='ltr'>flamen</span> <span class='ocrx_word' id='word_1_190' title='bbox 1434 1684 1540 1724; x_wconf 87' lang='lat' dir='ltr'>Dia-</span> 
     </span>
     <span class='ocr_line' id='line_1_26' title="bbox 184 1745 987 1801; baseline 0 -14"><span class='ocrx_word' id='word_1_191' title='bbox 184 1747 234 1788; x_wconf 90' lang='lat' dir='ltr'>lis</span> <span class='ocrx_word' id='word_1_192' title='bbox 258 1747 532 1801; x_wconf 88' lang='lat' dir='ltr'>inauguratus</span> <span class='ocrx_word' id='word_1_193' title='bbox 557 1754 619 1787; x_wconf 86' lang='lat' dir='ltr'>est</span> <span class='ocrx_word' id='word_1_194' title='bbox 646 1745 725 1787; x_wconf 85' lang='lat' dir='ltr'>Cn.</span> <span class='ocrx_word' id='word_1_195' title='bbox 754 1746 987 1788; x_wconf 87' lang='lat' dir='ltr'>Cornelius.</span> 
     </span>
    </p>

    <p class='ocr_par' dir='ltr' id='par_1_4' title="bbox 186 1808 1541 2480">
     <span class='ocr_line' id='line_1_27' title="bbox 270 1808 1539 1850; baseline 0 -1"><span class='ocrx_word' id='word_1_196' title='bbox 270 1808 434 1849; x_wconf 89' lang='lat' dir='ltr'>Eodem</span> <span class='ocrx_word' id='word_1_197' title='bbox 460 1823 568 1849; x_wconf 89' lang='lat' dir='ltr'>anno</span> <span class='ocrx_word' id='word_1_198' title='bbox 595 1809 738 1850; x_wconf 85' lang='lat' dir='ltr'>tabula</span> <span class='ocrx_word' id='word_1_199' title='bbox 767 1809 810 1849; x_wconf 86' lang='lat' dir='ltr'>in</span> <span class='ocrx_word' id='word_1_200' title='bbox 835 1809 937 1850; x_wconf 88' lang='lat' dir='ltr'>aede</span> <span class='ocrx_word' id='word_1_201' title='bbox 968 1809 1111 1850; x_wconf 87' lang='lat' dir='ltr'>matris</span> <span class='ocrx_word' id='word_1_202' title='bbox 1137 1808 1332 1850; x_wconf 77' lang='lat' dir='ltr'>Matutae</span> <span class='ocrx_word' id='word_1_203' title='bbox 1357 1823 1451 1849; x_wconf 89' lang='lat' dir='ltr'>cum</span> <span class='ocrx_word' id='word_1_204' title='bbox 1475 1808 1539 1849; x_wconf 90' lang='lat' dir='ltr'>in-</span> 
     </span>
     <span class='ocr_line' id='line_1_28' title="bbox 187 1870 1538 1926; baseline 0.001 -16"><span class='ocrx_word' id='word_1_205' title='bbox 187 1871 277 1912; x_wconf 90' lang='lat' dir='ltr'>dice</span> <span class='ocrx_word' id='word_1_206' title='bbox 312 1870 391 1911; x_wconf 92' lang='lat' dir='ltr'>hoc</span> <span class='ocrx_word' id='word_1_207' title='bbox 433 1871 569 1924; x_wconf 86' lang='lat' dir='ltr'>posita</span> <span class='ocrx_word' id='word_1_208' title='bbox 604 1879 679 1912; x_wconf 84' lang='lat' dir='ltr'>est.</span> <span class='ocrx_word' id='word_1_209' title='bbox 751 1872 836 1912; x_wconf 89' lang='lat' dir='ltr'>‘Ti.</span> <span class='ocrx_word' id='word_1_210' title='bbox 877 1870 1099 1926; x_wconf 83' lang='lat' dir='ltr'>Semproni</span> <span class='ocrx_word' id='word_1_211' title='bbox 1137 1870 1321 1912; x_wconf 86' lang='lat' dir='ltr'>Gracchi</span> <span class='ocrx_word' id='word_1_212' title='bbox 1358 1871 1538 1912; x_wconf 86' lang='lat' dir='ltr'>consulis</span> 
     </span>
     <span class='ocr_line' id='line_1_29' title="bbox 186 1932 1539 1987; baseline 0 -15"><span class='ocrx_word' id='word_1_213' title='bbox 186 1932 359 1986; x_wconf 88' lang='lat' dir='ltr'>imperio</span> <span class='ocrx_word' id='word_1_214' title='bbox 397 1933 664 1986; x_wconf 85' lang='lat' dir='ltr'>auspicioque</span> <span class='ocrx_word' id='word_1_215' title='bbox 700 1933 811 1987; x_wconf 86' lang='lat' dir='ltr'>legio</span> <span class='ocrx_word' id='word_1_216' title='bbox 848 1934 1138 1986; x_wconf 81' lang='lat' dir='ltr'>exercitusque</span> <span class='ocrx_word' id='word_1_217' title='bbox 1179 1933 1324 1987; x_wconf 91' lang='lat' dir='ltr'>populi</span> <span class='ocrx_word' id='word_1_218' title='bbox 1359 1933 1539 1973; x_wconf 85' lang='lat' dir='ltr'>Romani</span> 
     </span>
     <span class='ocr_line' id='line_1_30' title="bbox 189 1993 1540 2050; baseline -0.001 -15"><span class='ocrx_word' id='word_1_219' title='bbox 189 1993 427 2035; x_wconf 84' lang='lat' dir='ltr'>Sardiniam</span> <span class='ocrx_word' id='word_1_220' title='bbox 459 1994 638 2048; x_wconf 83' lang='lat' dir='ltr'>subegit.</span> <span class='ocrx_word' id='word_1_221' title='bbox 696 1995 740 2035; x_wconf 89' lang='lat' dir='ltr'>in</span> <span class='ocrx_word' id='word_1_222' title='bbox 771 2010 820 2036; x_wconf 82' lang='lat' dir='ltr'>ea</span> <span class='ocrx_word' id='word_1_223' title='bbox 856 1995 1071 2050; x_wconf 77' lang='lat' dir='ltr'>provincia</span> <span class='ocrx_word' id='word_1_224' title='bbox 1100 1995 1283 2036; x_wconf 87' lang='lat' dir='ltr'>hostium</span> <span class='ocrx_word' id='word_1_225' title='bbox 1315 2009 1437 2035; x_wconf 86' lang='lat' dir='ltr'>caesa</span> <span class='ocrx_word' id='word_1_226' title='bbox 1468 2001 1540 2034; x_wconf 86' lang='lat' dir='ltr'>aut</span> 
     </span>
     <span class='ocr_line' id='line_1_31' title="bbox 188 2056 1538 2110; baseline 0 -15"><span class='ocrx_word' id='word_1_227' title='bbox 188 2063 309 2110; x_wconf 87' lang='lat' dir='ltr'>capta</span> <span class='ocrx_word' id='word_1_228' title='bbox 333 2070 460 2109; x_wconf 86' lang='lat' dir='ltr'>supra</span> <span class='ocrx_word' id='word_1_229' title='bbox 480 2056 691 2110; x_wconf 83' lang='lat' dir='ltr'>octoginta</span> <span class='ocrx_word' id='word_1_230' title='bbox 708 2056 834 2096; x_wconf 88' lang='lat' dir='ltr'>milia.</span> <span class='ocrx_word' id='word_1_231' title='bbox 870 2072 915 2098; x_wconf 91' lang='lat' dir='ltr'>re</span> <span class='ocrx_word' id='word_1_232' title='bbox 940 2057 1108 2110; x_wconf 84' lang='lat' dir='ltr'>publica</span> <span class='ocrx_word' id='word_1_233' title='bbox 1133 2057 1386 2097; x_wconf 86' lang='lat' dir='ltr'>felicissume</span> <span class='ocrx_word' id='word_1_234' title='bbox 1406 2063 1538 2110; x_wconf 84' lang='lat' dir='ltr'>gesta,</span> 
     </span>
     <span class='ocr_line' id='line_1_32' title="bbox 189 2116 1540 2172; baseline 0 -15"><span class='ocrx_word' id='word_1_235' title='bbox 189 2125 314 2170; x_wconf 90' lang='lat' dir='ltr'>atque</span> <span class='ocrx_word' id='word_1_236' title='bbox 343 2117 527 2158; x_wconf 89' lang='lat' dir='ltr'>liberatis</span> <span class='ocrx_word' id='word_1_237' title='bbox 560 2116 729 2172; x_wconf 75' lang='lat' dir='ltr'>[soeis]‚</span> <span class='ocrx_word' id='word_1_238' title='bbox 760 2118 1035 2172; x_wconf 79' lang='lat' dir='ltr'>vectigalibus</span> <span class='ocrx_word' id='word_1_239' title='bbox 1059 2118 1278 2166; x_wconf 86' lang='lat' dir='ltr'>restitutis,</span> <span class='ocrx_word' id='word_1_240' title='bbox 1311 2117 1540 2158; x_wconf 79' lang='lat' dir='ltr'>exercitum</span> 
     </span>
     <span class='ocr_line' id='line_1_33' title="bbox 189 2179 1541 2234; baseline 0.001 -15"><span class='ocrx_word' id='word_1_241' title='bbox 189 2179 349 2220; x_wconf 87' lang='lat' dir='ltr'>salvom</span> <span class='ocrx_word' id='word_1_242' title='bbox 374 2186 498 2232; x_wconf 87' lang='lat' dir='ltr'>atque</span> <span class='ocrx_word' id='word_1_243' title='bbox 522 2179 773 2221; x_wconf 87' lang='lat' dir='ltr'>incolumem</span> <span class='ocrx_word' id='word_1_244' title='bbox 797 2180 1083 2234; x_wconf 85' lang='lat' dir='ltr'>plenissimum</span> <span class='ocrx_word' id='word_1_245' title='bbox 1106 2179 1263 2234; x_wconf 86' lang='lat' dir='ltr'>praeda</span> <span class='ocrx_word' id='word_1_246' title='bbox 1282 2179 1452 2219; x_wconf 89' lang='lat' dir='ltr'>domum</span> <span class='ocrx_word' id='word_1_247' title='bbox 1475 2194 1541 2220; x_wconf 91' lang='lat' dir='ltr'>re-</span> 
     </span>
     <span class='ocr_line' id='line_1_34' title="bbox 188 2241 1538 2296; baseline 0.001 -16"><span class='ocrx_word' id='word_1_248' title='bbox 188 2241 388 2295; x_wconf 80' lang='lat' dir='ltr'>portavit,</span> <span class='ocrx_word' id='word_1_249' title='bbox 429 2241 581 2282; x_wconf 88' lang='lat' dir='ltr'>iterum</span> <span class='ocrx_word' id='word_1_250' title='bbox 623 2242 883 2296; x_wconf 88' lang='lat' dir='ltr'>triumphans</span> <span class='ocrx_word' id='word_1_251' title='bbox 928 2241 972 2281; x_wconf 88' lang='lat' dir='ltr'>in</span> <span class='ocrx_word' id='word_1_252' title='bbox 1006 2242 1154 2282; x_wconf 88' lang='lat' dir='ltr'>urbem</span> <span class='ocrx_word' id='word_1_253' title='bbox 1190 2241 1369 2281; x_wconf 84' lang='lat' dir='ltr'>Romam</span> <span class='ocrx_word' id='word_1_254' title='bbox 1404 2241 1538 2282; x_wconf 89' lang='lat' dir='ltr'>rediit.</span> 
     </span>
     <span class='ocr_line' id='line_1_35' title="bbox 190 2302 1541 2357; baseline 0 -15"><span class='ocrx_word' id='word_1_255' title='bbox 190 2303 308 2343; x_wconf 86' lang='lat' dir='ltr'>euius</span> <span class='ocrx_word' id='word_1_256' title='bbox 332 2303 391 2343; x_wconf 85' lang='lat' dir='ltr'>rei</span> <span class='ocrx_word' id='word_1_257' title='bbox 417 2317 514 2357; x_wconf 88' lang='lat' dir='ltr'>ergo</span> <span class='ocrx_word' id='word_1_258' title='bbox 545 2303 652 2344; x_wconf 88' lang='lat' dir='ltr'>hanc</span> <span class='ocrx_word' id='word_1_259' title='bbox 684 2303 869 2344; x_wconf 82' lang='lat' dir='ltr'>tabulam</span> <span class='ocrx_word' id='word_1_260' title='bbox 900 2303 1056 2344; x_wconf 88' lang='lat' dir='ltr'>donum</span> <span class='ocrx_word' id='word_1_261' title='bbox 1080 2304 1172 2343; x_wconf 80' lang='lat' dir='ltr'>Iovi</span> <span class='ocrx_word' id='word_1_262' title='bbox 1197 2302 1335 2344; x_wconf 64' lang='lat' dir='ltr'>dedit?</span> <span class='ocrx_word' id='word_1_263' title='bbox 1398 2302 1541 2344; x_wconf 86' lang='lat' dir='ltr'>Sardi-</span> 
     </span>
     <span class='ocr_line' id='line_1_36' title="bbox 189 2364 1540 2420; baseline 0 -16"><span class='ocrx_word' id='word_1_264' title='bbox 189 2364 282 2405; x_wconf 84' lang='lat' dir='ltr'>niae</span> <span class='ocrx_word' id='word_1_265' title='bbox 306 2364 464 2405; x_wconf 87' lang='lat' dir='ltr'>insulae</span> <span class='ocrx_word' id='word_1_266' title='bbox 489 2365 624 2406; x_wconf 85' lang='lat' dir='ltr'>forma</span> <span class='ocrx_word' id='word_1_267' title='bbox 649 2373 748 2415; x_wconf 87' lang='lat' dir='ltr'>erat,</span> <span class='ocrx_word' id='word_1_268' title='bbox 774 2373 898 2419; x_wconf 91' lang='lat' dir='ltr'>atque</span> <span class='ocrx_word' id='word_1_269' title='bbox 921 2366 965 2406; x_wconf 88' lang='lat' dir='ltr'>in</span> <span class='ocrx_word' id='word_1_270' title='bbox 984 2380 1033 2406; x_wconf 89' lang='lat' dir='ltr'>ea</span> <span class='ocrx_word' id='word_1_271' title='bbox 1058 2365 1279 2406; x_wconf 87' lang='lat' dir='ltr'>simulacra</span> <span class='ocrx_word' id='word_1_272' title='bbox 1303 2380 1540 2420; x_wconf 87' lang='lat' dir='ltr'>pugnarum</span> 
     </span>
     <span class='ocr_line' id='line_1_37' title="bbox 189 2434 312 2480; baseline 0 -14"><span class='ocrx_word' id='word_1_273' title='bbox 189 2434 312 2480; x_wconf 75' lang='lat' dir='ltr'>picta.</span> 
     </span>
    </p>

    <p class='ocr_par' dir='ltr' id='par_1_5' title="bbox 190 2489 1538 2667">
     <span class='ocr_line' id='line_1_38' title="bbox 274 2489 1538 2544; baseline 0 -15"><span class='ocrx_word' id='word_1_274' title='bbox 274 2489 456 2530; x_wconf 58' lang='lat' dir='ltr'>BIunera</span> <span class='ocrx_word' id='word_1_275' title='bbox 479 2489 758 2544; x_wconf 81' lang='lat' dir='ltr'>gladiatorum</span> <span class='ocrx_word' id='word_1_276' title='bbox 778 2504 825 2531; x_wconf 91' lang='lat' dir='ltr'>eo</span> <span class='ocrx_word' id='word_1_277' title='bbox 846 2504 954 2530; x_wconf 90' lang='lat' dir='ltr'>anno</span> <span class='ocrx_word' id='word_1_278' title='bbox 976 2489 1146 2542; x_wconf 86' lang='lat' dir='ltr'>aliquot,</span> <span class='ocrx_word' id='word_1_279' title='bbox 1171 2504 1301 2544; x_wconf 86' lang='lat' dir='ltr'>parva</span> <span class='ocrx_word' id='word_1_280' title='bbox 1321 2489 1401 2530; x_wconf 87' lang='lat' dir='ltr'>alia</span> <span class='ocrx_word' id='word_1_281' title='bbox 1421 2489 1538 2529; x_wconf 89' lang='lat' dir='ltr'>data:</span> 
     </span>
     <span class='ocr_line' id='line_1_39' title="bbox 190 2549 1538 2606; baseline 0 -16"><span class='ocrx_word' id='word_1_282' title='bbox 190 2565 320 2591; x_wconf 85' lang='lat' dir='ltr'>unum</span> <span class='ocrx_word' id='word_1_283' title='bbox 346 2558 441 2592; x_wconf 86' lang='lat' dir='ltr'>ante</span> <span class='ocrx_word' id='word_1_284' title='bbox 467 2559 603 2592; x_wconf 85' lang='lat' dir='ltr'>cetera</span> <span class='ocrx_word' id='word_1_285' title='bbox 626 2551 788 2606; x_wconf 84' lang='lat' dir='ltr'>insigne</span> <span class='ocrx_word' id='word_1_286' title='bbox 812 2550 893 2590; x_wconf 83' lang='lat' dir='ltr'>fuit</span> <span class='ocrx_word' id='word_1_287' title='bbox 916 2549 967 2589; x_wconf 78' lang='lat' dir='ltr'>T.</span> <span class='ocrx_word' id='word_1_288' title='bbox 992 2551 1232 2601; x_wconf 83' lang='lat' dir='ltr'>Flaminini,</span> <span class='ocrx_word' id='word_1_289' title='bbox 1258 2552 1371 2605; x_wconf 88' lang='lat' dir='ltr'>quod</span> <span class='ocrx_word' id='word_1_290' title='bbox 1396 2551 1538 2591; x_wconf 86' lang='lat' dir='ltr'>mortis</span> 
     </span>
     <span class='ocr_line' id='line_1_40' title="bbox 192 2612 1538 2667; baseline 0.001 -15"><span class='ocrx_word' id='word_1_291' title='bbox 192 2626 318 2653; x_wconf 80' lang='lat' dir='ltr'>eausa</span> <span class='ocrx_word' id='word_1_292' title='bbox 341 2612 469 2666; x_wconf 83' lang='lat' dir='ltr'>patris</span> <span class='ocrx_word' id='word_1_293' title='bbox 494 2613 558 2653; x_wconf 86' lang='lat' dir='ltr'>sui</span> <span class='ocrx_word' id='word_1_294' title='bbox 583 2628 677 2654; x_wconf 90' lang='lat' dir='ltr'>eum</span> <span class='ocrx_word' id='word_1_295' title='bbox 703 2612 975 2654; x_wconf 82' lang='lat' dir='ltr'>visceratione</span> <span class='ocrx_word' id='word_1_296' title='bbox 993 2613 1200 2667; x_wconf 90' lang='lat' dir='ltr'>epuloque</span> <span class='ocrx_word' id='word_1_297' title='bbox 1226 2621 1265 2654; x_wconf 89' lang='lat' dir='ltr'>et</span> <span class='ocrx_word' id='word_1_298' title='bbox 1291 2613 1400 2653; x_wconf 86' lang='lat' dir='ltr'>ludis</span> <span class='ocrx_word' id='word_1_299' title='bbox 1425 2627 1538 2653; x_wconf 86' lang='lat' dir='ltr'>scac-</span> 
     </span>
    </p>
   </div>
   <div class='ocr_carea' id='block_1_3' title="bbox 1568 521 1607 550">
    <p class='ocr_par' dir='ltr' id='par_1_6' title="bbox 1568 521 1607 550">
     <span class='ocr_line' id='line_1_41' title="bbox 1568 521 1607 550; baseline 0 0"><span class='ocrx_word' id='word_1_300' title='bbox 1568 521 1607 550; x_wconf 87' lang='grc'>13</span> 
     </span>
    </p>
   </div>
   <div class='ocr_carea' id='block_1_4' title="bbox 1565 955 1583 984">
    <p class='ocr_par' dir='ltr' id='par_1_7' title="bbox 1565 955 1583 984">
     <span class='ocr_line' id='line_1_42' title="bbox 1565 955 1583 984; textangle 90"><span class='ocrx_word' id='word_1_301' title='bbox 1565 955 1583 984; x_wconf 66' lang='lat'>[0</span> 
     </span>
    </p>
   </div>
   <div class='ocr_carea' id='block_1_5' title="bbox 1568 2315 1607 2343">
    <p class='ocr_par' dir='ltr' id='par_1_8' title="bbox 1568 2315 1607 2343">
     <span class='ocr_line' id='line_1_43' title="bbox 1568 2315 1607 2343; baseline -0.051 0"><span class='ocrx_word' id='word_1_302' title='bbox 1568 2315 1607 2343; x_wconf 77' lang='lat'>10</span> 
     </span>
    </p>
   </div>
   <div class='ocr_carea' id='block_1_6' title="bbox 1568 2564 1602 2591">
    <p class='ocr_par' dir='ltr' id='par_1_9' title="bbox 1568 2564 1602 2591">
     <span class='ocr_line' id='line_1_44' title="bbox 1568 2564 1602 2591; baseline 0 0"><span class='ocrx_word' id='word_1_303' title='bbox 1568 2564 1602 2591; x_wconf 93' lang='grc'>11</span> 
     </span>
    </p>
   </div>
  </div>
 </body>
</html>
