1804 2926
236 478 254 506 [ὗ

238 2030 256 2060 9

222 2156 260 2186 10

223 2403 259 2430 11

246 2587 260 2615 1

283 166 335 207 78
556 175 707 209 LIBER
734 175 941 219 XXXXII,
967 175 1021 209 59.
1041 175 1095 209 60.
1125 176 1364 222 [a.u.c.583]

365 277 558 320 LVIIII.
596 278 647 318 In
683 278 795 320 hunc
826 278 998 319 modum
1034 278 1215 319 maxime
1252 278 1477 321 instructae
1513 281 1636 330 acies,

279 354 356 395 par
380 339 512 382 ferme
537 340 747 394 utrimque
772 357 971 383 numerus
997 341 1185 395 equitum
1205 355 1254 382 ac
1278 341 1381 382 levis
1401 350 1636 385 armaturae

281 410 534 444 concurrunt
561 418 585 444 a
610 403 892 445 funditoribus
917 404 1318 457 iaculatoribusque,
1350 403 1423 458 qui
1446 419 1638 459 praeces-

281 472 432 514 serant,
457 466 615 520 proelio
641 474 742 507 orto.
803 466 926 521 primi
951 466 1138 507 omnium
1164 466 1365 515 Thraces,
1390 466 1494 508 haut
1518 481 1638 509 secus

279 542 407 582 quam
428 528 500 569 diu
519 528 710 569 claustris
729 535 915 570 retentae
936 528 1063 577 ferae,
1085 529 1142 569 ita
1157 528 1351 569 concitati
1365 542 1461 569 cum
1479 528 1640 584 ingenti

280 591 461 632 clamore
492 591 535 631 in
560 591 754 632 dextrum
779 605 928 640 cornu,
953 591 1123 632 Italicos
1150 591 1331 644 equites,
1362 590 1638 640 incurrerunt,

280 660 326 693 ut
356 667 436 693 usu
464 652 558 694 belli
585 660 626 694 et
657 652 826 707 ingenio
857 653 1056 707 inpavida
1090 668 1194 707 gens
1227 653 1477 694 turbaretur.
1529 651 1637 707 [....

279 713 437 769 gla]dis
463 715 604 756 hastas
629 723 771 770 petere
791 716 951 770 pedites
973 714 1003 770 [
1020 747 1029 756 .
1046 746 1055 756 .
1073 714 1107 770 .]
1123 730 1268 769 mque,
1293 730 1405 756 nunc
1425 715 1639 756 succidere

281 792 403 818 crura
428 778 559 831 equis,
584 792 696 818 nunc
720 778 791 818 ilia
817 778 1040 819 suffodere.
1096 777 1278 818 Perseus
1304 778 1346 817 in
1371 778 1553 819 mediam
1577 777 1639 818 in-

280 848 425 881 vectus
452 840 584 881 aciem
611 837 798 881 Graecos
825 840 959 894 primo
984 840 1144 894 impetu
1170 840 1338 888 avertit3
1365 840 1517 893 quibus
1543 855 1640 881 cum

279 902 420 955 gravis
458 902 511 942 ab
549 910 667 956 tergo
698 902 871 942 instaret
903 901 1054 950 hostis,
1086 901 1385 942 Thessalorum
1417 902 1639 954 equitatus,

279 963 350 1016 qui
377 978 401 1003 a
424 963 544 1004 laevo
571 978 701 1004 cornu
726 963 845 1004 brevi
869 963 1003 1017 spatio
1025 963 1235 1003 diiunctus
1261 963 1304 1003 in
1330 963 1524 1004 subsidiis
1550 964 1639 1005 fue-

279 1032 344 1065 rat
369 1032 488 1065 extra
512 1039 782 1074 concursum,
808 1025 942 1079 primo
969 1032 1178 1079 spectator
1204 1025 1458 1073 certaminis,
1491 1025 1639 1067 deinde

281 1087 480 1128 inclinata
516 1103 561 1129 re
598 1101 797 1128 maxumo
833 1086 929 1127 usui
964 1086 1057 1127 fuit.
1119 1087 1314 1128 cedentes
1345 1087 1456 1128 enim
1487 1087 1641 1128 sensim

279 1149 453 1204 integris
479 1149 717 1199 ordinibus,
748 1160 973 1204 postquam
999 1164 1042 1189 se
1067 1148 1271 1189 Eumenis
1298 1149 1462 1190 auxiliis
1494 1149 1641 1190 adiun-

280 1219 451 1259 xerunt,
488 1218 528 1253 et
567 1226 664 1252 cum
703 1226 751 1252 eo
783 1219 920 1252 tutum
951 1211 1058 1251 inter
1089 1211 1255 1252 ordines
1294 1226 1390 1252 suos
1426 1218 1642 1266 receptum

281 1273 403 1314 sociis
423 1273 527 1328 fuga
548 1273 758 1328 dissipatis
780 1273 937 1313 dabant
959 1280 1012 1322 et,
1039 1287 1135 1313 cum
1153 1273 1291 1313 minus
1306 1273 1481 1314 conferti
1501 1273 1640 1314 hostes

280 1335 502 1385 instarent,
535 1336 733 1391 progredi
766 1336 890 1377 etiam
917 1335 1007 1376 ausi
1039 1335 1192 1376 multos
1218 1335 1472 1390 fugientium
1497 1335 1642 1376 obvios

283 1406 550 1452 exceperunt.
610 1412 689 1439 nec
712 1400 820 1452 regi,
854 1398 988 1452 sparsi
1020 1397 1103 1438 iam
1129 1397 1208 1452 ipsi
1233 1396 1389 1452 passim
1414 1397 1642 1450 sequendo,

284 1473 379 1499 eum
404 1460 604 1500 ordinatis
630 1467 670 1500 et
702 1468 814 1501 certo
839 1459 1129 1500 incedentibus
1161 1460 1297 1514 gradu
1322 1474 1471 1500 manus
1497 1473 1642 1501 conse-

283 1536 372 1561 rere
405 1521 628 1562 audcbant.
690 1536 785 1562 eum
817 1521 950 1561 victor
981 1521 1163 1574 equestri
1193 1521 1351 1575 proelio
1382 1536 1475 1569 rex,
1511 1536 1641 1575 parvo

282 1590 493 1624 momento
519 1584 554 1623 si
579 1583 857 1630 adiuvissent,
883 1583 1138 1624 debellatum
1163 1598 1254 1624 esse
1280 1581 1534 1637 [clamare]t,
1568 1597 1642 1638 op—

283 1652 460 1700 portune
480 1645 716 1686 adhortanti
743 1645 981 1700 supervenit
1007 1645 1204 1699 phalanx,
1232 1660 1358 1698 quam
1379 1660 1456 1686 sua
1480 1653 1641 1700 sponte,

283 1723 335 1748 ne
362 1708 511 1748 audaci
537 1714 683 1761 coepto
710 1707 921 1755 deessent,
946 1707 1126 1761 Hippias
1153 1714 1193 1748 et
1218 1707 1465 1748 Leonnatus
1490 1707 1640 1762 raptim

284 1770 566 1818 adduxerant,
596 1777 821 1824 postquam
852 1784 1051 1823 prospere
1076 1784 1288 1824 pugnasse
1315 1770 1500 1822 equitem
1525 1784 1643 1811 acce-

283 1840 447 1887 perunt.
497 1833 726 1873 fluctuante
750 1847 850 1886 rege
874 1832 982 1872 inter
1007 1847 1124 1886 spem
1150 1838 1394 1885 metumque
1419 1838 1559 1873 tantae
1582 1832 1642 1873 rei

284 1895 499 1935 conandae
530 1893 743 1936 Cretensis
774 1893 994 1943 Euander,
1032 1908 1115 1947 quo
1153 1893 1342 1934 ministro
1373 1893 1553 1949 Delphis
1589 1894 1642 1935 ad

283 1956 454 1996 insidias
479 1956 682 1998 Eumenis
708 1957 819 2011 regis
845 1971 946 1996 usus
973 1963 1074 2005 erat,
1100 1964 1324 2010 postquam
1349 1970 1501 2011 agmen
1525 1956 1642 2011 pedi-

284 2025 374 2058 tum
405 2018 664 2060 venientium
695 2019 774 2059 sub
807 2018 938 2072 signis
969 2017 1092 2066 vidit,
1131 2018 1183 2058 ad
1214 2032 1357 2072 regem
1378 2017 1574 2062 ,adcurrit
1603 2026 1643 2059 et

282 2094 452 2122 monere
470 2081 631 2130 institit,
652 2095 704 2121 ne
725 2081 857 2121 elatus
882 2079 1081 2121 felicitate
1102 2095 1310 2121 summam
1330 2094 1468 2121 rerum
1489 2086 1644 2121 temere

285 2143 328 2183 in
358 2157 442 2183 non
472 2143 753 2184 necessariam
785 2142 920 2183 aleam
951 2142 1087 2183 daret:
1126 2141 1161 2182 si
1199 2148 1418 2183 contentus
1456 2142 1564 2183 bene
1599 2156 1644 2183 re

284 2213 403 2258 gesta
439 2205 623 2258 quiesset
659 2219 708 2245 eo
746 2204 831 2252 die,
869 2204 936 2245 vel
972 2203 1088 2258 pacis
1124 2203 1324 2245 honestae
1357 2203 1644 2245 condicionem

287 2266 540 2315 habiturum,
565 2267 632 2308 Vel
656 2266 857 2321 plurimos
878 2266 976 2307 belli
996 2266 1144 2314 socios,
1170 2266 1243 2319 qui
1266 2265 1477 2307 fortunam
1498 2279 1646 2319 seque-

287 2336 447 2376 rentur,
474 2328 508 2368 si
538 2328 694 2370 bellare
725 2329 880 2370 mallet.
939 2328 982 2368 in
1006 2328 1086 2369 hoc
1111 2328 1331 2369 consilium
1363 2328 1533 2382 pronior
1557 2335 1645 2369 erat

287 2389 450 2429 animus
481 2390 605 2443 regis.
664 2390 806 2444 itaque
838 2390 1088 2431 conlaudato
1113 2389 1316 2431 Euandro
1349 2390 1470 2444 signa
1500 2389 1642 2431 referri

286 2450 560 2504 peditumque
592 2466 744 2505 agmen
774 2452 910 2494 redire
940 2452 983 2493 in
1017 2459 1153 2494 castra
1177 2452 1313 2501 iubet,
1345 2451 1556 2506 equitibus
1580 2465 1644 2492 re-

288 2512 427 2567 ceptui
452 2526 613 2553 canere.

372 2574 475 2614 LX.
515 2573 717 2615 Cecidere
754 2589 802 2616 eo
840 2576 906 2616 die
943 2577 996 2616 ab
1028 2577 1230 2618 Romanis
1268 2576 1435 2617 ducenti
1468 2575 1641 2629 equites,

291 2637 372 2676 duo
388 2634 542 2691 [milia]
563 2636 662 2677 haut
688 2637 824 2678 minus
851 2638 1051 2691 peditum,
1077 2639 1188 2692 eapti
1213 2638 1390 2680 sescenti
1415 2637 1564 2686 ferme3
1591 2651 1640 2678 ex
