1804 2926
378 198 667 234 PERIOCHAE
691 196 959 232 LIBRORUM
983 196 1320 232 CXIII—CXVII.
1444 187 1526 228 219

169 296 269 326 tatae
284 294 405 326 essent
419 294 456 325 et
468 301 511 325 ex
525 300 569 323 ea
583 299 694 323 causa
706 287 812 332 plebs
824 287 1119 331 tumultuaretur,
1141 287 1298 321 inductis
1313 299 1335 322 a
1348 287 1397 321 M.
1410 288 1527 321 Anto·

169 338 228 371 nio
253 337 429 381 magistro
455 335 617 380 equitum
636 334 673 367 in
692 333 822 368 urbem
840 332 1016 366 militibus
1036 333 1238 379 octingenti
1258 344 1278 368 e
1299 333 1408 378 plebe
1429 332 1527 367 caesi

169 386 265 416 sunt.
314 382 451 416 Cacsar
480 379 665 414 veteranis
695 390 778 413 cum
809 378 989 413 seditione
1020 379 1229 413 missionem
1254 378 1527 423 postulantibus

170 428 290 469 dedit,
319 430 356 461 ct
380 438 462 460 cum
481 426 519 459 in
536 424 703 458 Africam
721 423 945 467 traiecisset,
968 423 1142 458 adversus
1162 424 1286 469 copias
1300 424 1415 459 Iubae
1429 423 1527 470 regis

169 484 251 507 cum
266 472 472 506 discrimine
485 481 620 515 magno
633 469 825 515 pugnavit.

397 524 447 548 Ex
467 523 538 547 LIB.
560 522 665 547 exim
685 522 750 553 QVI
770 522 840 546 EST
861 521 996 547 CIVILls
1016 522 1130 547 BELLI
1149 522 1299 547 SEXTVS.

236 562 381 597 Bellum
401 562 438 595 in
459 560 567 606 Syria
586 559 770 594 Caecilius
788 559 926 594 Bassus
946 571 1058 604 eques
1076 560 1264 594 Romanus
1282 558 1527 603 Pompeiana-

167 620 247 642 rum
265 607 425 652 partium
445 606 616 641 excitavit
635 605 763 640 relicto
779 617 800 639 a
814 605 958 651 legione
974 605 1054 640 Sex.
1070 605 1245 649 Caesare,
1268 616 1361 650 quae
1377 605 1422 638 ad
1437 604 1527 638 Bas-

168 665 247 687 sum
262 652 469 692 transierat,
486 651 679 695 occisoque
694 661 748 685 eo.
787 650 925 685 Caesar
939 650 1147 695 Scipionem
1161 654 1368 696 praetorem
1380 649 1527 683 Iubam-

168 710 238 743 que
263 697 351 731 vicit
376 697 423 730 ad
442 697 633 741 Thapsum
658 696 788 730 castris
814 707 939 730 eorum
963 697 1193 741 expugnatis.
1231 695 1322 730 Cato
1343 695 1469 729 audita
1488 705 1528 729 re

168 755 249 778 cum
275 754 313 777 se
337 742 579 786 percussisset
598 741 730 776 Vticae
756 745 793 776 ct
815 741 1081 776 interveniente
1106 741 1182 776 filio
1202 745 1406 784 curaretur,
1433 741 1529 774 inter

167 790 284 833 ipsam
310 787 538 822 curationem
556 787 711 821 rescisso
730 787 881 821 vulnere
901 787 1080 831 expiravit
1098 799 1195 821 anno
1217 788 1348 821 aetatis
1371 786 1528 830 quadra-

168 834 307 880 gesimo
321 837 463 867 octavo.
501 832 671 867 Petreius
685 832 816 866 Iubam
831 844 941 877 seque
956 832 1151 867 interfecit.
1189 833 1232 867 P.
1248 831 1370 877 Scipio
1384 832 1420 865 in
1434 842 1527 866 nave

167 880 435 914 circumventus
448 878 625 912 honestae
639 877 746 911 morti
758 888 884 912 vocem
902 878 1126 921 [honestam]
1142 878 1295 921 adiecit,
1321 876 1528 922 quaerenti-

167 925 236 959 bus
261 924 357 958 enim
380 924 640 967 imperatorem
664 923 829 957 hostibus
856 924 946 957 dixit
972 924 1188 968 ‘imperator
1212 935 1250 957 se
1269 923 1364 957 bene
1385 922 1527 957 habet‘.

168 970 328 1004 Faustus
344 973 380 1003 ct
392 969 569 1003 Afranius
584 969 705 1003 occisi.
731 967 882 1002 Catonis
896 968 971 1002 filio
986 969 1094 1003 venia
1108 970 1206 1003 data.
1232 968 1368 1002 Brutus
1382 969 1528 1013 legatus

169 1014 339 1050 Caesaris
352 1016 389 1048 in
404 1013 530 1048 Gallia
543 1014 761 1048 Bellovacos
774 1014 998 1049 rebellantes
1011 1015 1151 1059 proelio
1165 1014 1262 1048 vicit.

389 1068 439 1092 Ex
458 1068 532 1092 ΜΒ.
554 1067 629 1092 cxv
650 1067 714 1099 QVI
733 1068 802 1092 EST
822 1067 958 1092 CIVILIS
977 1069 1095 1093 BELLI
1116 1068 1305 1092 SEPTIMVS.

238 1106 378 1140 Caesar
403 1110 575 1150 quattuor
599 1105 803 1150 triumphos
824 1106 943 1149 duxit,
972 1117 1015 1140 ex
1036 1105 1180 1149 Gallia,
1208 1117 1251 1140 ex
1269 1106 1464 1151 Aegypto,
1485 1115 1529 1138 ex

169 1152 306 1193 Ponto,
328 1162 371 1185 cx
390 1151 529 1185 Africa.
571 1151 719 1195 epulum
739 1154 775 1185 et
794 1152 909 1184 omnis
930 1151 1075 1196 generis
1095 1152 1308 1196 spectacula
1328 1151 1440 1185 dedit.
1478 1150 1528 1183 M.

170 1197 346 1231 Marcello
360 1196 543 1230 consulari
557 1200 686 1230 senatu
699 1200 854 1241 rogante
869 1196 1027 1230 reditum
1041 1197 1236 1240 concessit;
1263 1208 1334 1241 quo
1347 1194 1528 1230 beneficio

170 1242 247 1276 eius
261 1241 458 1275 Marcellus
477 1241 549 1274 frui
568 1253 641 1275 non
655 1244 792 1285 potuit,
816 1253 837 1275 a
851 1241 915 1275 Cn.
931 1241 1057 1287 Magio
1072 1242 1206 1276 cliente
1222 1254 1285 1275 suo
1299 1242 1455 1276 Athenis
1470 1252 1528 1275 oc-

170 1287 275 1321 cisus.
301 1298 493 1321 recensum
507 1287 594 1332 egit,
612 1297 682 1330 quo
696 1298 807 1320 censa
819 1291 903 1320 sunt
917 1287 1049 1320 civium
1064 1289 1187 1331 capita
1196 1292 1341 1321 centum
1350 1287 1528 1332 quinqua-

170 1333 275 1377 ginta
293 1332 405 1365 milia.
454 1334 714 1376 profectusque
734 1332 771 1364 in
791 1331 1012 1376 Hispaniam
1031 1333 1203 1366 adversus
1218 1332 1283 1367 Cn.
1299 1333 1527 1377 Pompeium,

169 1377 292 1410 multis
305 1378 486 1420 utrimque
502 1376 796 1420 expeditionibus
810 1376 919 1410 factis
934 1381 971 1410 et
984 1377 1124 1421 aliquot
1137 1378 1288 1411 urbibus
1309 1379 1530 1424 expugnatis

170 1434 347 1456 summam
365 1421 555 1456 victoriam
575 1433 656 1455 011111
675 1432 810 1467 magno
831 1423 1039 1457 discrimine
1054 1423 1101 1456 ad
1113 1423 1290 1457 Mundam
1303 1424 1432 1458 urbem
1445 1435 1529 1458 con-

170 1472 317 1502 secutus
332 1471 397 1501 est.
434 1467 633 1511 Pompeius
649 1465 729 1501 Sex.
746 1466 887 1512 effugit.

388 1520 438 1544 Ex
456 1520 531 1544 ΜΒ.
554 1519 643 1544 CXVI
665 1520 729 1551 QVI
749 1520 820 1544 EST
840 1520 974 1545 CiviLis
996 1521 1110 1545 BELLI
1132 1520 1316 1546 OCTAVVS.

238 1557 376 1593 Caesar
401 1569 444 1592 ex
463 1557 647 1602 Hispania
672 1558 838 1602 quintum
857 1558 1081 1602 triumphum
1101 1560 1189 1604 egit.
1227 1563 1264 1593 et
1283 1571 1365 1593 cum
1382 1559 1531 1604 plurimi

170 1604 389 1648 maximique
414 1604 571 1637 honores
591 1614 613 1637 a
633 1608 764 1637 senatu
789 1604 927 1637 decreti
948 1608 1086 1647 essent,
1114 1604 1209 1638 inter
1228 1616 1318 1649 quos
1338 1610 1379 1638 ut
1396 1616 1531 1649 parens

168 1649 311 1694 patriae
328 1649 578 1693 appellaretur
592 1652 629 1683 et
642 1653 898 1683 sacrosanctus
912 1660 955 1683 ac
969 1649 1128 1683 dictator
1140 1649 1177 1683 in
1190 1654 1408 1694 perpetuum
1423 1654 1529 1692 esset,

169 1694 327 1728 invidiae
343 1696 517 1728 adversus
532 1706 613 1728 eum
628 1706 778 1728 causam
791 1694 1020 1738 praestitere,
1031 1699 1067 1729 et
1082 1695 1179 1739 quod
1193 1696 1336 1730 senatui
1352 1695 1533 1730 deferenti

169 1741 236 1774 hos
256 1740 429 1783 honores,
451 1751 534 1773 cum
554 1744 638 1774 ante
659 1740 789 1774 aedem
805 1740 959 1774 Veneris
973 1739 1182 1775 Genetricis
1197 1742 1355 1783 sederet,
1379 1752 1453 1775 11011
1468 1741 1531 1775 ad-

170 1786 335 1828 surrexit,
353 1789 389 1819 et
403 1785 501 1829 quod
518 1787 571 1828 [a]
587 1785 635 1818 M.
650 1785 814 1819 Antonio
829 1785 977 1820 consule
992 1786 1140 1831 collega
1154 1797 1219 1820 suo
1234 1786 1329 1821 inter
1341 1786 1531 1831 Lupercos

171 1834 339 1864 currente
364 1830 536 1864 diadema
561 1830 674 1874 capiti
699 1841 764 1864 suo
790 1831 990 1875 inpositum
1014 1832 1052 1865 in
1079 1831 1171 1865 sella
1195 1832 1360 1876 reposuit
1378 1837 1415 1866 et
1434 1832 1532 1876 quod

170 1875 303 1919 Epidio
324 1875 481 1909 Marullo
502 1878 538 1909 et
552 1875 722 1909 Caesetio
741 1876 857 1910 Flavo
875 1876 1032 1910 tribunis
1050 1877 1170 1921 plebis
1191 1877 1366 1911 invidiam
1387 1878 1420 1911 ei
1439 1882 1531 1911 tam-

173 1931 283 1964 quam
307 1931 463 1964 regnum
489 1920 693 1954 adfectanti
714 1921 977 1964 [moventibus]
998 1927 1162 1965 potestas
1182 1923 1364 1968 abrogata
1384 1928 1450 1956 est.
1489 1935 1532 1957 ex

171 1966 227 1999 his
247 1965 366 1999 causis
387 1965 658 2009 conspiratione
678 1966 716 1999 in
735 1977 818 2000 eum
831 1966 943 2007 facta,
959 1967 1061 1999 cuius
1076 1967 1200 2011 capita
1213 1967 1362 2001 fuerunt
1376 1968 1424 2001 M.
1438 1969 1530 2001 Bru-

171 2015 229 2044 tus
250 2013 286 2044 et
306 2010 345 2043 C.
367 2009 515 2044 Cassius
536 2014 572 2044 et
592 2021 635 2044 ex
655 2010 823 2044 Caesaris
841 2011 1010 2054 partibus
1024 2011 1116 2045 Dec.
1130 2012 1266 2045 Brutus
1286 2017 1323 2046 et
1336 2013 1376 2047 C.
1391 2013 1530 2047 Trebo-

172 2056 254 2089 nius
264 2082 272 2098 ,
294 2055 331 2088 in
344 2055 499 2099 Pompei
513 2055 614 2088 curia
628 2055 767 2089 occisus
781 2059 836 2089 est
848 2055 979 2100 viginti
992 2056 1110 2089 tribus
1123 2057 1353 2101 vulneribus,
1374 2069 1530 2103 occupa-

171 2106 321 2144 tumque
336 2100 382 2134 ab
396 2100 693 2135 interfectoribus
708 2100 784 2133 eius
799 2100 1032 2144 Capitolium.
1064 2101 1246 2136 oblivione
1261 2103 1393 2137 deinde
1408 2103 1531 2137 caedis

172 2146 250 2180 eius
271 2157 292 2179 a
313 2149 443 2180 senatu
463 2145 628 2189 decreta,
651 2145 839 2179 obsidibus
857 2146 996 2179 Antoni
1015 2150 1052 2180 et
1070 2146 1205 2191 Lepidi
1224 2147 1350 2181 liberis
1369 2149 1531 2193 acceptis

173 2191 355 2226 coniurati
375 2202 397 2224 a
411 2190 593 2234 Capitolio
614 2191 895 2225 descenderunt.
933 2194 1154 2226 testamento
1175 2192 1344 2226 Caesaris
1362 2194 1468 2228 heres
1488 2205 1532 2228 ex

171 2241 276 2281 parte
303 2236 455 2270 dimidia
478 2236 666 2270 institutus
687 2235 726 2270 C.
748 2234 938 2275 Octavius,
965 2237 1098 2270 sororis
1122 2248 1254 2281 nepOS‚
1282 2242 1318 2272 et
1342 2238 1380 2272 111
1398 2249 1532 2273 nomen

173 2282 369 2325 adoptatus
385 2285 450 2315 est.
482 2281 651 2316 Caesaris
666 2292 797 2325 corpus
811 2292 893 2315 cum
906 2282 943 2314 111
958 2293 1127 2326 campum
1140 2282 1313 2316 Martium
1326 2283 1493 2328 ferretur,
1510 2296 1532 2319 a

172 2326 281 2371 plebe
308 2330 392 2360 ante
419 2331 538 2360 rostra
562 2330 764 2361 crematum
790 2330 855 2361 est.
894 2327 1098 2361 dictaturae
1123 2328 1238 2362 honos
1257 2328 1294 2361 111
1314 2333 1531 2373 perpetuum

173 2372 339 2405 sublatus
364 2375 430 2405 est.
478 2371 518 2406 C.
538 2372 724 2414 Amanus,
752 2372 976 2406 humillimae
1002 2373 1108 2406 sortis
1132 2373 1258 2416 homo,
1285 2375 1347 2418 qui
1373 2386 1411 2409 se
1437 2374 1531 2409 Mari

173 2416 289 2450 filium
319 2416 482 2461 ferebat,
513 2428 595 2451 cum
623 2417 723 2462 apud
747 2417 935 2452 credulam
958 2417 1107 2462 plebem
1131 2419 1331 2454 seditiones
1354 2424 1527 2465 moveret,

173 2466 324 2496 necatus
340 2466 405 2496 est.

713 2510 766 2534 Ex
784 2510 857 2534 LIB.
878 2510 991 2535 van.

242 2552 282 2587 C.
309 2552 484 2586 Octavius
508 2553 664 2587 Romam
690 2564 733 2587 ex
756 2553 870 2597 Epiro
893 2554 994 2588 venit
1013 2575 1056 2580 -—
1077 2565 1120 2589 eo
1145 2555 1242 2590 enim
1266 2555 1369 2590 illum
1394 2556 1532 2591 Caesar

172 2598 431 2642 praemiserat,
452 2598 590 2632 bellum
608 2599 646 2632 111
665 2598 884 2633 Macedonia
903 2604 1074 2644 gesturus
1092 2622 1152 2644 —,
1175 2601 1429 2646 ominibusque
1448 2613 1530 2647 pro-

173 2644 289 2689 speris
305 2647 477 2688 exceptus
491 2648 528 2678 et
540 2655 672 2678 nomen
687 2644 856 2679 Caesaris
869 2645 1033 2689 sumpsit.
1072 2646 1108 2679 in
1128 2646 1341 2681 confusione
1354 2659 1475 2682 rerum
1488 2659 1531 2682 ac

175 2689 332 2723 tumultu
351 2689 400 2722 M.
415 2689 580 2734 Lepidus
600 2688 857 2734 pontificatum
875 2691 1071 2725 maximum
1092 2692 1297 2736 intercepit.
1335 2696 1372 2727 et
1391 2692 1438 2726 M.
1454 2694 1528 2727 An-
