1804 2926
441 158 591 192 LIBER
616 156 819 199 xxxxv,
845 155 976 189 9128.
1005 156 1205 199 [110167]
1422 147 1501 188 177

152 265 319 305 admota
357 277 431 303 rex
461 261 529 301 ille
566 275 713 315 regum
746 258 896 315 [petiit.
957 258 1054 300 inde
1086 257 1298 315 Oropum]
1334 260 1501 301 Atticae
1530 275 1569 303 11)

150 333 320 367 ventum
345 331 420 372 est,
446 323 519 363 ubi
538 337 613 377 pro
634 323 711 363 deo
732 328 847 362 vates
868 320 1029 362 anticus
1050 321 1198 362 colitur
1217 323 1503 376 templumque

148 393 360 428 vetustum
385 393 459 434 est,
484 385 670 425 fontibus
695 383 880 436 rivisque
906 383 1015 424 circa
1040 398 1282 433 amoenum3
1308 384 1499 425 Athenas
1528 399 1563 427 11

147 449 244 489 inde
274 449 417 503 plenas
449 447 617 500 quidem
649 454 689 487 et
720 446 832 500 ipsas
863 452 1052 487 vetustae
1083 445 1239 495 famae,
1277 447 1410 487 multa
1440 453 1502 487 ta-

147 525 241 551 men
268 510 441 550 visenda
466 508 676 558 habentis,
714 523 872 557 arcem,
909 515 1074 563 portus,
1111 523 1252 549 muros
1276 509 1500 550 Piraeeum

145 572 240 612 urbi
264 571 492 625 iungentis,
524 571 690 611 navalia
713 585 962 624 magnorum
986 570 1305 625 imperatorum,
1332 571 1501 611 simula-

147 648 218 674 cra
249 633 422 674 deorum
458 632 777 686 hominumque,
816 632 928 672 omni
964 647 1118 687 genere
1155 640 1193 673 et
1230 633 1428 674 materiae
1461 639 1501 673 et

147 694 298 736 artium
322 694 515 749 insignia.

233 756 456 798 XXVIII.
497 756 711 798 Sacrificio
735 756 956 797 Minervae
987 757 1168 811 praesidi
1193 757 1298 797 arcis
1329 756 1372 797 in
1396 756 1500 798 urbe
1529 771 1543 799 1

144 819 255 860 facto
280 818 509 873 profectus,
536 817 786 859 Corinthum
812 819 941 859 altero
963 819 1029 860 die
1053 819 1254 873 pervenit.
1292 819 1392 860 urbs
1413 827 1501 860 erat

144 888 244 921 tunc
280 881 494 935 praeclara
531 888 626 922 ante
662 881 891 928 excidium,
930 896 1004 920 arx
1041 895 1208 934 quoque
1245 892 1284 923 et
1315 881 1500 922 Isthmus

146 942 377 997 praebuere
415 943 718 997 spectaculum:
757 958 831 983 arx
866 943 974 983 inter
1009 943 1175 984 moenia
1204 943 1247 984 in
1276 943 1501 984 immanem

144 1005 406 1045 altitudinem
437 1005 567 1053 edita,
605 1012 767 1046 scatens
798 1005 1002 1053 fontibus,
1038 1005 1222 1045 Isthmus
1255 1005 1337 1046 duo
1370 1005 1501 1046 maria
1526 1019 1544 1048 3

145 1064 240 1121 [ab]
267 1081 418 1107 occasu
444 1074 484 1107 et
508 1074 600 1107 ortu
626 1066 722 1107 solis
748 1066 922 1107 finitima
947 1066 1045 1107 artis
1070 1067 1263 1108 faucibus
1290 1067 1498 1108 dirimens.

145 1128 371 1183 Sicyonem
402 1129 498 1169 inde
532 1137 571 1169 et
601 1129 742 1183 Argos
774 1129 934 1169 nobiles
966 1129 1091 1170 urbes
1124 1129 1229 1178 adit,
1266 1129 1362 1170 inde
1399 1129 1501 1169 haut

143 1205 288 1245 parem
314 1190 462 1245 opibus
488 1190 766 1245 Epidaurum,
793 1191 866 1231 scd
890 1190 1090 1231 inclutam
1116 1191 1346 1245 Aesculapi
1370 1190 1499 1231 nobili

143 1253 318 1306 templo,
352 1253 465 1305 quod
495 1253 680 1305 quinque
705 1252 873 1292 milibus
905 1267 1107 1306 passuum
1133 1253 1186 1293 ab
1211 1253 1314 1294 urbe
1341 1253 1499 1293 distans

142 1329 254 1355 nunc
278 1314 464 1368 vestigiis
490 1314 747 1355 revolsorum
769 1314 985 1362 donorum,
1011 1322 1099 1354 tum
1119 1315 1237 1355 donis
1259 1315 1376 1356 dives
1397 1322 1498 1363 erat,

143 1390 251 1429 quae
288 1376 565 1417 remediorum
603 1376 847 1416 salutarium
885 1377 1000 1430 aegri
1035 1377 1271 1418 mercedem
1308 1392 1498 1418 sacrave-

143 1445 238 1478 rant
263 1438 354 1479 deo.
392 1438 489 1478 inde
510 1437 876 1478 Lacedaemonem
902 1438 1000 1486 adit,
1027 1453 1111 1478 non
1136 1453 1311 1492 operum
1335 1439 1497 1493 magni·
1522 1454 1542 1482 4

142 1499 325 1547 ficentia,
364 1499 437 1540 sed
463 1499 681 1554 disciplina
705 1499 989 1553 institutisque
1014 1501 1348 1549 memorabilem,
1385 1501 1497 1541 unde

141 1576 216 1616 per
246 1561 550 1616 BIegalopolim
583 1560 827 1616 Olympiam
858 1562 1055 1603 escendit.
1116 1563 1189 1602 ubi
1220 1570 1261 1604 et.
1293 1563 1373 1604 alia
1404 1562 1497 1616 qui-

142 1624 237 1664 dem
264 1624 489 1678 spectanda
515 1624 552 1664 ei
583 1624 691 1673 visa,
720 1623 801 1678 [et]
828 1624 972 1665 Iovem
1004 1625 1116 1665 velut
1147 1633 1410 1679 praesentem
1435 1625 1497 1665 in-

141 1692 262 1727 tuens
293 1694 429 1726 motus
462 1686 600 1726 animo
632 1694 705 1727 est.
770 1687 910 1740 itaque
942 1687 1056 1727 haud
1086 1702 1205 1728 secus
1231 1701 1358 1740 quam
1390 1687 1425 1728 si
1455 1687 1498 1727 in

144 1745 353 1801 Capitolio
390 1747 679 1789 immolaturus
712 1756 841 1797 esset,
879 1749 1131 1790 sacrificium
1167 1750 1346 1804 amplius
1378 1749 1497 1790 solito

143 1809 335 1862 apparari
363 1808 496 1850 iussit.
556 1810 614 1850 ita
642 1819 868 1865 peragrata
900 1810 1099 1860 Graecia,
1135 1820 1182 1852 ut
1219 1811 1321 1852 nihil
1354 1826 1497 1852 eorum
1525 1825 1541 1853 6

143 1884 250 1922 quae
275 1870 452 1923 quisque
477 1871 623 1911 Persei
653 1872 761 1912 bello
786 1873 981 1926 privatim
1007 1880 1078 1914 aut
1109 1873 1276 1927 publice
1303 1874 1499 1914 sensisset

142 1931 388 1983 inquireret,
424 1946 477 1972 ne
513 1933 630 1972 cuius
666 1940 781 1974 metu
813 1934 1055 1975 sollicitaret
1086 1935 1246 1975 animos
1277 1935 1497 1982 sociorum,

142 1992 460 2034 Demetriadem
499 2007 594 2033 011111
630 1994 817 2043 revertit,
859 1995 902 2035 in
944 1996 1090 2036 itinere
1128 1997 1340 2037 sordidata
1375 1997 1498 2036 turba,

143 2055 392 2095 Aetolorum
429 2056 627 2104 occurrit3
670 2056 920 2109 mirantique
963 2064 1004 2097 et
1044 2058 1351 2111 percunctanti,
1395 2057 1496 2110 quid
1524 2071 1540 2099 7

145 2124 266 2165 esset,
293 2117 490 2165 defertur,
518 2117 768 2172 quingentos
790 2119 1094 2173 quinquaginta
1112 2119 1320 2173 principes
1341 2119 1394 2159 ab
1408 2120 1497 2173 Ly-

144 2178 253 2219 cisco
279 2186 319 2220 et
343 2179 516 2233 Tisippo
543 2180 815 2220 circumsesso
841 2187 987 2221 senatu
1012 2196 1086 2235 per
1111 2181 1261 2221 milites
1282 2181 1495 2222 Romanos

144 2241 291 2281 missos
317 2241 370 2281 ab
384 2242 438 2281 A.
454 2242 615 2282 Baebio
638 2239 885 2296 [praefecto]
907 2242 1089 2296 praesidi
1113 2243 1367 2292 interfectos,
1393 2243 1495 2284 alios

142 2303 187 2343 in
211 2303 380 2343 exilium
405 2311 519 2344 actos
541 2318 630 2345 esse
656 2304 850 2357 bonaque
869 2319 1013 2345 eorum
1028 2305 1100 2357 qui
1124 2305 1333 2346 interfecti
1358 2313 1495 2346 essent

144 2373 184 2406 et
210 2365 380 2405 exulum
411 2366 626 2419 possideri.
685 2365 807 2406 iussis
839 2366 910 2418 qui
942 2367 1226 2421 arguebantur
1249 2367 1495 2422 Amphipoli
1520 2379 1539 2408 S

143 2428 289 2469 adesse
314 2427 403 2481 ipse
429 2435 632 2468 convento
660 2426 738 2468 Cn.
761 2426 940 2468 Octavio
961 2429 1246 2478 Demetriade,
1272 2438 1494 2484 postquam

142 2489 256 2530 fama
280 2488 440 2537 accidit,
467 2489 676 2530 traiecisse
701 2490 784 2530 iam
803 2505 916 2531 mare
937 2490 1083 2532 decem
1106 2491 1280 2546 legatos,
1300 2492 1492 2532 omnibus

142 2551 232 2592 aliis
258 2550 418 2591 omissis
433 2551 702 2605 Apolloniam
727 2552 780 2592 ad
805 2567 874 2593 eos
899 2553 1047 2607 pergit.
1085 2568 1167 2606 quo
1194 2569 1289 2595 eum
1309 2553 1489 2595 Perseus
1517 2567 1535 2594 9

142 2613 309 2654 obviam
334 2612 581 2668 Amphipoli
616 2614 738 2654 nimis
770 2614 914 2656 solutis
945 2615 1120 2657 vinculis
1152 2617 1365 2658 custodiae
1397 2631 1492 2671 pro-

211 2679 271 2706 Lz'ri
290 2679 341 2706 rol.
356 2678 401 2706 1V.
1232 2683 1274 2716 12

1527 834 1545 863 N)
