1804 2926
220 888 235 915 Ν]

197 1320 236 1349 lo

199 1630 232 1658 ll

194 2064 233 2092 13

194 2312 233 2339 14

216 2557 229 2586 1

265 143 319 184 92
548 152 701 185 LIBER
726 152 953 195 XXXXIII,
981 153 1012 185 ⁴3.
1035 152 1063 185 7.
1093 154 1140 194 [a.
1157 163 1189 185 u.
1205 152 1333 193 0584]

265 255 484 310 peregrino
518 255 727 295 frumento
757 256 934 303 alerent,
972 263 1131 303 tamen,
1169 271 1220 296 ne
1247 255 1437 297 deessent
1465 255 1620 306 officio,

266 317 493 360 confecisse
532 325 569 357 et
608 317 689 357 alia
725 332 831 370 quae
868 318 1170 371 imperarentur
1206 326 1416 372 praestare
1451 327 1618 373 paratos

265 395 367 421 esse.
428 379 584 419 Milesii
610 380 711 419 nihil
737 380 991 433 praestitisse
1018 379 1103 434 [se]
1130 389 1426 430 memorantes,
1459 382 1492 422 si
1517 382 1617 435 quid

264 442 468 496 imperare
495 442 548 481 ad
580 442 735 482 bellum
767 450 935 482 senatus
962 442 1106 491 vellet,
1144 452 1354 497 praestare
1381 460 1424 484 se
1449 452 1618 498 paratos

264 519 353 545 esse
378 504 551 558 polliciti
576 511 684 544 sunt.
746 503 1067 545 Alabandenses
1093 506 1295 559 templum
1321 506 1434 545 urbis
1457 507 1617 547 Romae

263 581 306 606 se
338 566 487 607 fecisse
514 580 893 606 commemoravere
926 565 1132 619 ludosque
1165 567 1469 609 anniversarios
1495 567 1532 609 ei
1557 567 1619 607 di-

265 642 342 668 vae
367 627 595 668 instituisse
628 635 665 667 et
700 641 895 667 coronam
927 642 1096 667 auream
1128 628 1434 681 quinquaginta
1464 629 1617 683 pondo,

264 704 390 743 quam
415 690 457 729 in
478 687 686 743 Capitolio
711 697 913 743 ponerent
939 690 1095 729 donum
1121 690 1212 730 Iovi
1239 691 1395 745 optimo
1420 691 1617 736 maximo,

263 751 452 792 attulisse
486 760 523 791 et
558 758 675 791 scuta
707 751 915 804 equestria
945 758 1148 791 trecenta:
1186 767 1254 800 ea,
1291 752 1358 792 cui
1388 752 1618 796 iussissent,

264 812 500 853 tradituros.
562 813 718 852 donum
749 820 793 852 ut
826 813 868 852 in
894 811 1103 866 Capitolio
1134 828 1288 867 ponere
1315 822 1353 853 et
1386 814 1617 855 sacrificare

262 875 423 923 liceret,
462 875 673 929 petebant.
746 874 823 914 hoc
862 873 1029 928 [etiam]
1065 873 1368 928 Lampsaceni,
1406 876 1618 930 octoginta

262 937 400 990 pondo
439 951 635 977 coronam
672 936 928 984 adferentes,
972 936 1192 990 petebant,
1230 945 1618 985 commemorantes,

263 998 501 1038 discessisse
529 1013 571 1038 se
598 1013 621 1037 a
645 997 822 1045 Perseo,
853 1005 1076 1051 postquam
1102 997 1318 1038 Romanus
1344 999 1550 1040 exercitus
1575 999 1616 1040 in

262 1060 558 1100 Macedoniam
594 1060 796 1108 venisset,
833 1074 929 1100 cum
967 1059 1045 1099 sub
1083 1060 1244 1100 dicione
1275 1060 1421 1101 Persei
1452 1069 1490 1102 et
1524 1069 1618 1102 ante

261 1121 447 1176 Philippi
473 1121 662 1162 fuissent.
701 1136 775 1175 pro
801 1135 849 1162 eo
875 1128 914 1162 et
939 1121 1052 1174 quod
1078 1121 1397 1176 imperatoribus
1417 1122 1618 1164 Romanis

262 1184 400 1223 omnia
426 1184 741 1238 praestitissent,
768 1183 810 1223 id
836 1198 880 1224 se
905 1191 1069 1223 tantum
1095 1198 1227 1232 orare,
1253 1192 1298 1224 ut
1324 1184 1367 1224 in
1392 1185 1613 1226 amicitiam

261 1247 403 1300 populi
428 1246 610 1287 Romani
634 1246 919 1300 reciperentur
943 1254 996 1294 et,
1022 1246 1055 1285 si
1081 1261 1164 1300 pax
1191 1261 1284 1286 cum
1304 1246 1462 1287 Perseo
1487 1247 1616 1294 fieret,

262 1308 565 1362 exciperentur,
590 1322 642 1348 ne
667 1308 709 1347 in
730 1308 890 1362 regiam
915 1315 1163 1362 potestatem
1187 1308 1432 1350 reciderent.
1471 1310 1617 1350 ceteris

260 1370 408 1424 legatis
429 1369 602 1410 comiter
620 1384 880 1424 responsum,
907 1369 1223 1424 Lampsacenos
1245 1370 1286 1411 in
1307 1370 1513 1411 sociorum
1533 1371 1618 1412 for-

262 1432 416 1472 mulam
431 1432 585 1472 referre
600 1431 653 1483 Q.
669 1432 865 1472 Maenius
880 1440 1047 1486 praetor
1059 1432 1210 1473 iussus.
1236 1448 1410 1474 munera
1425 1434 1616 1474 omnibus

261 1494 304 1534 in
323 1494 508 1548 singulos
534 1494 679 1533 binum
698 1494 859 1536 milium
880 1494 986 1534 aeris
1008 1495 1117 1535 data.
1158 1495 1476 1536 Alabandenses
1499 1504 1618 1536 scuta

262 1564 474 1610 reportare
495 1556 548 1595 ad
566 1556 621 1596 A.
637 1556 866 1596 Hostilium
886 1557 1100 1596 consulem
1122 1557 1165 1596 in
1178 1556 1473 1597 BIaeedoniam
1499 1558 1613 1598 iussi.

346 1618 404 1658 Et>
429 1633 480 1658 ex
504 1617 654 1658 Africa
687 1618 814 1670 legati
847 1617 968 1657 simul
996 1616 1408 1672 Carthaginiensium
1435 1618 1497 1673 [et
1521 1619 1618 1660 Ma-

264 1679 435 1720 sinissae
462 1686 683 1720 venerunt:
712 1677 1145 1734 Carthaginiensium]
1172 1680 1297 1720 tritici
1329 1680 1495 1721 deciens
1521 1696 1618 1721 een—

262 1750 351 1782 tum
375 1741 489 1781 milia
514 1748 555 1782 et
579 1741 723 1782 hordei
749 1740 978 1795 quingenta
1003 1741 1233 1782 indicantes
1260 1756 1303 1783 se
1329 1742 1383 1782 ad
1407 1757 1521 1785 mare
1546 1743 1618 1784 de—

262 1812 382 1846 vecta
406 1803 579 1852 habere,
611 1811 657 1843 ut
688 1818 769 1856 quo
796 1810 964 1844 senatus
992 1804 1219 1844 censuisset
1253 1804 1536 1858 deportarent:
1574 1805 1617 1846 id

260 1881 412 1906 munus
451 1866 719 1918 officiumque
764 1881 886 1905 suum
929 1865 1033 1906 scire
1077 1865 1215 1905 minus
1252 1881 1341 1906 esse
1377 1880 1504 1919 quam
1542 1882 1616 1921 pro

259 1927 415 1968 meritis
440 1927 583 1981 populi
608 1927 789 1967 Romani
815 1934 853 1967 et
880 1927 1094 1968 voluntate
1119 1942 1214 1976 sua3
1247 1928 1321 1968 sed
1352 1943 1476 1982 saepe
1501 1929 1617 1978 alias,

261 1990 378 2030 bonis
403 1989 446 2030 in
470 1990 594 2030 rebus
615 1989 832 2042 utriusque
858 1990 1016 2043 populi,
1043 2005 1086 2030 se
1112 1997 1325 2044 gratorum
1346 1990 1616 2043 fideliumque

259 2052 417 2092 socium
448 2051 693 2092 muneribus
724 2052 891 2091 functos
923 2067 1025 2092 esse.
1086 2052 1186 2093 item
1211 2052 1464 2093 Blasinissae
1488 2053 1617 2107 legati

258 2113 381 2154 tritici
403 2113 579 2154 eandem
600 2128 806 2154 summam
827 2113 999 2167 polliciti
1026 2121 1064 2154 et
1090 2114 1201 2154 mille
1222 2122 1261 2155 et
1282 2114 1481 2154 ducentos
1503 2115 1619 2167 equi-

259 2183 334 2223 tes,
362 2175 583 2216 duodecim
609 2175 866 2230 elephantos,
893 2183 933 2216 et
959 2176 993 2216 si
1019 2176 1119 2229 quid
1145 2176 1259 2216 aliud
1285 2191 1389 2230 opus
1409 2184 1529 2223 esset,
1556 2177 1616 2217 uti

258 2237 464 2290 inperaret
499 2247 686 2278 senatus:
725 2252 857 2291 aeque
889 2253 1098 2292 propenso
1124 2238 1283 2286 animo,
1321 2245 1361 2279 et
1391 2253 1498 2291 quae
1528 2239 1616 2293 ipse

258 2299 366 2338 ultro
391 2299 599 2352 pollicitus
626 2300 690 2348 sit,
715 2307 1023 2354 praestaturum
1049 2316 1152 2342 esse.
1189 2300 1349 2355 gratiae
1375 2308 1416 2341 et
1436 2298 1614 2341 Cartha-

259 2359 517 2413 giniensibus
549 2369 587 2401 et
620 2362 708 2415 regi
742 2369 859 2403 actae
890 2363 1130 2417 rogatique,
1167 2370 1214 2403 ut
1239 2378 1289 2404 ea
1313 2377 1420 2416 quae
1445 2362 1616 2416 pollice-

258 2428 400 2461 rentur
421 2422 473 2461 ad
488 2423 715 2463 Hostilium
730 2425 944 2465 consulem
964 2425 1006 2465 in
1020 2425 1317 2466 BIacedoniam
1332 2425 1612 2480 deportarent.

258 2483 406 2536 legatis
431 2483 474 2522 in
498 2483 684 2537 singulos
710 2485 853 2525 binam
878 2486 1039 2527 milium
1065 2487 1171 2528 aeris
1197 2502 1371 2528 munera
1395 2487 1534 2527 missa.

343 2544 444 2585 VH.
485 2544 749 2586 Cretensium
772 2547 922 2600 legatis
948 2549 1371 2590 commemorantibus
1396 2563 1454 2596 se,
1481 2563 1611 2602 quan-

259 2614 348 2646 tum
379 2606 457 2647 sibi
488 2606 738 2661 imperatum
770 2623 794 2648 a
823 2608 978 2650 Publio
1008 2610 1173 2651 Licinio
1208 2611 1376 2652 consule
1408 2617 1516 2652 esset
1547 2625 1612 2651 sa-
