1804 2926
495 152 648 187 LIBER
672 151 918 195 XXXXIIII,
946 152 998 185 15.
1021 151 1073 184 16.
1103 152 1151 193 [a.
1168 150 1206 185 C.
1222 151 1305 193 169]
1495 144 1572 184 121

314 257 415 298 XV.
455 254 657 297 Claudius
693 253 795 294 nihil
836 268 1081 308 responsum
1117 266 1260 295 auctor
1295 263 1375 296 est:
1412 262 1573 296 tantum

229 326 394 361 senatus
420 318 653 359 consultum
678 317 915 363 recitatum,
941 330 1022 369 quo
1037 315 1168 358 Caras
1189 325 1229 358 et
1242 317 1396 372 Lycios
1422 318 1572 359 liberos

227 395 316 422 esse
352 379 513 420 iuberet
547 379 728 433 populus
753 379 969 419 Romanus
1005 378 1245 433 litterasque
1282 381 1489 434 extemplo
1521 381 1575 421 ad

226 451 445 494 utramque
475 449 644 495 gentem
676 455 707 480 s.
740 455 774 481 c.
806 440 1035 480 indicatum
1070 441 1195 489 mitti3
1233 455 1316 495 qua
1352 442 1494 483 audita
1528 457 1572 483 re

224 503 454 559 principem
489 502 729 557 legationis,
766 502 883 542 cuius
923 503 1322 557 magniloquentiam
1357 504 1428 544 vix
1460 504 1574 544 curia

223 566 348 620 paulo
381 571 476 606 ante
507 571 691 618 ceperat,
729 564 945 605 corruisse.
1007 565 1075 604 alii
1106 579 1352 619 responsum
1377 581 1466 606 esse
1491 573 1573 606 tra-

223 629 338 677 dunt,
360 627 562 681 populum
576 627 812 667 Romanum
828 634 867 667 et
887 627 1090 681 principio
1105 627 1192 667 eius
1212 627 1310 667 belli
1329 627 1442 667 haud
1455 627 1572 667 vanis

223 689 462 731 auctoribus
484 696 729 743 conpertum
754 688 962 737 habuisse,
982 689 1168 729 Rhodios
1189 704 1283 729 cum
1296 689 1452 730 Perseo
1472 704 1572 743 rege

222 752 421 793 adversus
451 766 541 792 rem
572 751 785 806 publicam
817 766 935 791 suam
966 751 1129 791 occulta
1160 751 1330 792 consilia
1361 751 1485 792 inisse
1517 759 1570 800 et,

221 813 256 854 si
280 813 324 853 id
349 820 443 853 ante
469 813 643 853 dubium
662 812 822 861 fuisset,
847 812 1081 866 legatorum
1106 813 1231 867 paulo
1251 820 1346 854 ante
1370 813 1498 853 verba
1518 813 1572 854 ad

221 883 380 916 certum
400 875 609 929 redegisse
631 884 670 916 et
694 876 940 929 plerumque
959 875 1092 929 ipsam
1113 890 1156 916 se
1182 875 1384 924 fraudem,
1410 876 1571 916 etiamsi

220 937 336 977 initio
362 937 521 977 cautior
545 937 681 985 fuerit,
709 937 923 991 detegere:
950 937 1135 978 Rhodios
1160 951 1271 977 nunc
1295 944 1381 977 toto
1406 937 1449 978 in
1469 937 1568 978 orbe

219 1006 421 1039 terrarum
448 998 618 1039 arbitria
649 999 746 1039 belli
772 999 969 1053 pacisque
995 1014 1140 1053 agere,
1178 999 1439 1040 Rhodiorum
1464 1007 1567 1040 nutu

219 1075 334 1100 arma
371 1068 607 1114 sumpturos
644 1061 936 1114 positurosque
968 1061 1179 1101 Romanos
1211 1076 1313 1103 esse.
1373 1062 1455 1102 iam
1485 1077 1568 1102 non

219 1122 318 1162 deos
344 1121 562 1162 foederum
587 1122 716 1171 testis,
742 1123 815 1163 scd
840 1123 1027 1163 Rhodios
1052 1122 1280 1163 habituros.
1340 1123 1451 1164 itane
1477 1131 1567 1164 tan-

219 1184 338 1224 dem?
364 1183 446 1238 [ni]
472 1187 506 1224 is
530 1192 726 1238 pareatur
751 1185 1039 1238 exercitusque
1066 1185 1116 1225 de
1141 1185 1394 1225 BIaeedonia
1422 1186 1570 1239 (lepor—

219 1254 368 1294 tentur,
394 1247 555 1286 visuros
581 1262 685 1294 esse,
712 1247 812 1299 quid
838 1247 917 1286 sibi
941 1247 1180 1287 faciendum
1206 1247 1283 1287 sit?
1309 1248 1410 1300 quid
1429 1248 1568 1288 Rhodi

217 1308 345 1347 visuri
371 1308 465 1356 sint,
490 1307 603 1361 ipsos
629 1308 746 1348 scire.
784 1309 983 1362 populum
1011 1316 1121 1349 certe
1140 1308 1379 1349 Romanum
1404 1309 1567 1350 devicto

217 1367 392 1417 Perseo,
424 1369 537 1422 quod
562 1384 690 1423 prope
716 1370 826 1410 diem
852 1377 1017 1423 sperent
1042 1370 1150 1419 fore,
1184 1371 1390 1419 visurum,
1422 1380 1468 1412 ut
1492 1386 1567 1425 pro

215 1431 372 1471 meritis
398 1432 598 1484 cuiusque
624 1431 667 1471 111
692 1445 740 1472 eo
766 1431 874 1472 bello
901 1431 1077 1472 civitatis
1101 1432 1281 1484 gratiam
1308 1433 1478 1486 dignam
1505 1448 1569 1473 re-

214 1494 333 1534 ferat.
393 1509 544 1534 munus
581 1501 722 1534 tamen
756 1494 904 1548 legatis
940 1494 982 1534 in
1015 1494 1200 1548 singulos
1232 1493 1377 1534 binsun
1407 1495 1567 1534 milium

215 1556 320 1597 aeris
346 1557 519 1597 missum
545 1563 619 1604 est,
646 1556 758 1609 quod
781 1556 810 1596 ii
834 1571 918 1596 non
943 1564 1204 1610 acceperunt.

297 1617 425 1658 XVI.
458 1618 644 1659 Litterae
665 1618 813 1659 deinde
833 1618 1028 1659 recitatae
1044 1617 1096 1669 Q.
1112 1618 1249 1659 Marci
1264 1619 1443 1659 consulis
1458 1626 1567 1667 sunt,

215 1680 569 1732 quemadmodum
595 1681 702 1720 saltu
727 1688 922 1734 superato
946 1680 989 1720 in
1010 1680 1307 1721 1Ὗ1110011011111111
1332 1681 1565 1722 transisset:

214 1741 273 1782 ibi
308 1749 349 1782 et
384 1757 436 1782 ex
471 1742 561 1782 aliis
597 1742 698 1783 locis
736 1753 992 1783 commeatus
1029 1751 1270 1796 prospectos
1307 1743 1350 1783 in
1386 1743 1566 1784 hiemem

214 1803 368 1844 habere
394 1811 434 1844 et
458 1804 511 1844 ab
532 1804 716 1857 Epirotis
741 1805 889 1859 viginti
913 1805 1026 1845 milia
1050 1805 1235 1845 modium
1261 1805 1396 1854 tritici,
1423 1806 1567 1846 decem

215 1863 359 1904 hordei
396 1865 641 1918 sumpsisse,
678 1872 722 1906 ut
759 1881 834 1920 pro
868 1881 916 1907 eo
953 1866 1160 1907 frumento
1198 1868 1376 1920 pecunia
1406 1868 1566 1908 Romae

214 1927 362 1980 legatis
389 1942 533 1967 eorum
558 1936 784 1968 curaretur.
844 1929 1091 1969 vestimenta
1122 1929 1322 1970 militibus
1354 1930 1406 1970 ab
1431 1930 1567 1970 Roma

215 1989 417 2029 mittenda
443 2003 545 2029 esse.
607 1990 723 2042 equis
749 1990 938 2030 ducentis
964 1990 1094 2030 ferme
1120 2005 1224 2044 opus
1250 2006 1359 2039 esse,
1386 1991 1565 2031 maxime

214 2050 422 2099 Numidis,
447 2065 525 2091 nec
550 2051 628 2090 sibi
652 2051 694 2090 in
719 2050 782 2091 his
806 2051 906 2091 locis
926 2052 1054 2091 ullam
1073 2053 1236 2106 copiam
1258 2067 1360 2092 esse.
1399 2061 1566 2092 senatus

216 2113 451 2152 consultum
476 2120 521 2152 ut
547 2128 596 2153 ea
620 2113 758 2153 omnia
784 2128 835 2153 ex
859 2113 1005 2153 litteris
1032 2114 1212 2154 consulis
1236 2114 1383 2154 fierent
1407 2114 1565 2154 factum

215 2181 289 2214 est.
329 2172 378 2213 C.
395 2173 606 2228 »Sulpicius
625 2182 791 2228 praetor
811 2190 883 2215 sex
904 2175 1017 2215 milia
1037 2182 1242 2228 togarum,
1268 2175 1437 2229 triginta
1459 2175 1566 2215 tuni-

215 2250 371 2284 carum,
399 2251 446 2276 co
472 2250 601 2289 equos
626 2237 831 2290 portanda
855 2237 897 2277 111
922 2237 1217 2278 Blacedoniam
1242 2238 1564 2291 praebendaque

215 2297 416 2337 arbitratu
441 2298 622 2338 consulis
646 2298 798 2339 locavit
819 2306 858 2339 et
883 2299 1030 2353 legatis
1050 2299 1320 2353 Epirotarum
1343 2300 1563 2354 pecuniam

214 2373 289 2412 pro
314 2359 522 2400 frumento
548 2360 670 2400 solvit
695 2367 736 2401 et
761 2359 1011 2402 Onesimum
1035 2361 1242 2415 Pythonis
1267 2361 1419 2410 filium,
1444 2362 1563 2401 nobi-

213 2420 296 2461 lem
318 2421 610 2470 Macedonem,
635 2422 678 2462 in
703 2430 893 2463 senatum
917 2423 1157 2463 introduxit.
1200 2423 1234 2463 is
1259 2423 1374 2477 pacis
1400 2439 1563 2478 semper

213 2490 358 2523 auctor
383 2483 471 2537 regi
495 2483 644 2533 fuerat,
669 2492 989 2538 monueratque,
1015 2486 1120 2526 sicut
1144 2493 1262 2540 pater
1287 2486 1374 2527 eius
1399 2486 1561 2540 Philip-

213 2559 290 2598 pus
326 2544 562 2585 institutum
597 2560 730 2599 usque
769 2547 822 2587 ad
858 2547 1049 2587 ultimum
1081 2548 1189 2589 vitae
1223 2548 1333 2589 diem
1370 2548 1559 2589 servabat

214 2606 363 2646 cotidie
395 2606 456 2647 bis
488 2607 529 2647 in
561 2608 625 2649 dic
658 2608 834 2649 foederis
865 2610 934 2650 icti
960 2624 1053 2650 eum
1079 2610 1279 2650 Romanis
1305 2611 1560 2665 perlegendi,

1605 272 1615 299 1

1600 457 1617 485 2

1599 581 1617 609 3

1593 1757 1611 1785 [Ο

1592 1942 1610 1970 3

1592 2066 1611 2093 4
