1804 2926
734 220 856 245 INDEX
881 218 1025 244 RERVM.

182 310 333 344 absente
354 307 519 341 morbum
541 307 690 340 excusat
709 304 764 345 38,
780 304 834 344 52,
850 303 871 336 3

183 355 347 388 tribunos
363 352 528 397 appellat
541 351 590 384 ib.
604 350 626 383 8
650 349 743 394 legis
757 349 869 383 Petil-

185 400 255 433 liae
277 399 461 432 dissuasor
479 397 534 440 38,
557 396 612 439 54,
627 394 648 428 8
678 394 871 438 peculatus

185 445 381 478 damnatur
394 443 449 486 38,
465 443 519 485 55,
535 442 556 475 5
570 440 612 474 P.
644 439 721 473 eius
736 438 872 472 fiducia

185 490 232 523 ib.
260 489 393 522 11—13
436 487 513 522 eius
539 489 661 519 statua
685 484 722 517 in
746 495 872 517 monu-

186 538 307 568 mento
323 532 535 577 Scipionum
548 531 603 573 38,
613 530 668 572 56,
677 530 699 563 4
708 528 753 562 ef.
763 530 784 563 8
795 540 872 572 sqq.

186 591 268 613 eum
293 579 331 612 in
361 588 545 611 carcerem
577 576 787 615 duceretur,
815 574 872 607 Ti.

188 623 378 658 Gracchus
392 621 586 656 intercedit
598 621 653 663 38,
669 620 724 661 57,
740 620 812 653 3P.
838 619 874 652 in

187 679 370 703 carcerem
397 666 481 701 duci
514 669 666 709 coeptus
690 665 745 708 38,
773 665 828 707 58,
855 664 875 697 2

187 724 252 758 pro
273 723 315 746 eo
334 712 447 746 verba
464 710 556 745 facit
573 710 616 744 P.
637 710 774 745 Nasica
793 710 841 743 ib.
856 710 877 743 3

188 757 384 792 intercedit
407 756 465 789 Ti.
494 755 685 790 Gracchus
705 755 759 797 38,
781 755 835 797 60,
856 755 878 787 4

188 803 226 836 in
252 803 329 837 eius
354 802 452 836 bona
478 804 689 845 quaestores
709 800 809 833 missi
828 800 877 833 ib.

188 849 210 882 8
230 848 271 881 P.
308 847 502 891 pecuniam
528 857 550 879 a
575 845 742 890 cognatis
767 845 877 879 colla-

188 896 266 926 tam
278 904 351 926 non
365 891 498 935 accipit
512 891 559 925 ib.
574 891 645 924 9P.
672 891 777 924 ludos
791 890 880 923 facit

189 938 244 981 39,
260 938 315 981 22,
331 937 353 971 8
388 948 581 971 censuram
600 936 694 980 petit
712 936 767 978 39,
789 935 843 977 40,
859 934 880 967 2

192 983 235 1062 eiG
250 994 364 1061 e7quus
390 982 583 1026 ademptus
608 982 663 1025 39,
683 981 728 1014 44
752 980 798 1014 cf.
825 980 879 1023 39,

191 1044 212 1062 υ
239 1054 246 1070 ,
287 1054 294 1061 .

171 1073 213 1106 L.
241 1072 431 1107 Cornelius
458 1070 581 1116 Scipio
606 1074 754 1116 praetor
779 1081 881 1114 pere-

192 1118 318 1162 grinus
342 1118 398 1161 41,
423 1117 467 1151 21
489 1121 526 1151 et
543 1117 598 1159 41,
620 1117 675 1159 27,
695 1117 716 1149 2
754 1119 882 1150 senatu

193 1167 312 1196 motus
326 1162 412 1196 ibid.

171 1208 214 1241 L.
225 1207 414 1242 Cornelius
425 1206 546 1251 Scipio
556 1205 884 1251 quaestor-45,44,7.

172 1253 215 1286 L.
232 1252 423 1287 Cornelius
443 1252 566 1296 Scipio
586 1263 659 1286 cos.
676 1252 718 1284 P.
733 1252 776 1284 85
807 1251 884 1284 eius

194 1298 328 1344 milites
345 1298 392 1331 ad
406 1296 547 1342 Syllam
560 1300 753 1330 transeunt
766 1295 854 1329 ibid.

173 1344 216 1376 L.
231 1342 452 1387 (Cornelius)
474 1341 596 1386 Scipio
618 1352 691 1375 eos.
710 1341 753 1374 F.
777 1341 819 1374 18
839 1352 884 1372 m.

174 1388 222 1421 M.
237 1388 427 1422 Cornelius
448 1386 570 1431 Scipio
590 1390 740 1430 praetor
758 1386 813 1428 41,
830 1385 884 1427 14,

195 1434 216 1467 5
258 1432 484 1477 provinciam
514 1431 748 1465 iureiurando
785 1441 885 1463 recu-

197 1481 254 1511 sat
266 1478 384 1520 41,15,
396 1478 438 1510 10
452 1480 581 1510 senatu
594 1480 712 1509 motus
725 1476 844 1517 41,27,
854 1475 886 1507 2.

175 1523 215 1557 P.
232 1522 422 1556 Cornelius
445 1521 568 1565 Scipio
593 1532 690 1566 mag.
719 1520 830 1564 equit.
853 1520 884 1562 5,

198 1568 252 1610 19,
267 1568 288 1600 2
312 1567 396 1601 trib.
412 1578 458 1600 m.
474 1578 505 1600 0.
520 1578 556 1610 p.
570 1566 656 1610 5,24
680 1567 839 1600 interrex
854 1565 885 1607 5,

197 1613 252 1655 31,
267 1613 288 1646 8
312 1612 443 1646 iterum
459 1612 490 1654 6,
507 1612 538 1652 1,
553 1612 586 1645 8.

176 1658 217 1691 Ρ.
234 1657 425 1692 Cornelius
442 1656 564 1701 Scipio
580 1667 622 1691 ex
641 1655 768 1701 primis
789 1655 886 1689 aedi-

198 1703 293 1736 libus
308 1703 338 1745 7,
355 1703 387 1745 1,
401 1702 422 1735 2
447 1713 544 1746 mag.
561 1703 673 1746 equit.
694 1702 724 1743 7,
740 1701 865 1744 24,11.

177 1748 218 1782 P.
234 1747 424 1782 Cornelius
439 1746 562 1791 Scipio
577 1748 735 1781 dictator
747 1746 780 1789 9,
794 1746 849 1779 44.

178 1793 219 1827 P.
236 1792 426 1826 Cornelius
448 1791 571 1836 Scipio
591 1803 664 1826 cos.
684 1793 740 1835 21,
756 1792 788 1834 6,
803 1792 825 1824 3
856 1791 888 1825 ei

202 1837 385 1881 Hispania
404 1837 525 1872 evenit
543 1838 599 1881 21,
620 1838 662 1871 17
699 1837 790 1870 mari
809 1847 888 1880 per-

202 1883 302 1916 venit
315 1882 518 1916 Massiliam
537 1886 574 1916 et
592 1886 714 1916 castra
733 1882 780 1915 ad
792 1882 889 1915 Rho·

204 1928 339 1960 danum
364 1927 462 1960 locat
485 1927 541 1969 21,
566 1927 622 1970 26,
649 1928 670 1960 3
706 1930 890 1961 trecentos

204 1972 344 2016 equites
359 1971 586 2015 speculatum
599 1971 712 2005 mittit
724 1971 772 2005 ib.
787 1972 808 2004 5
833 1982 890 2005 ca-

205 2021 280 2050 stra
293 2015 516 2050 Hannibalis
538 2016 684 2050 deserta
702 2016 831 2050 videns
845 2016 891 2049 ad

206 2074 317 2096 naves
337 2061 433 2095 redit
451 2061 505 2103 21,
527 2061 582 2104 32,
598 2062 618 2094 2
650 2060 820 2095 Genuam
837 2072 892 2094 rc—

206 2107 300 2151 petit
319 2107 367 2140 ib.
382 2107 403 2140 5
440 2106 486 2140 ad
505 2106 648 2140 Padum
667 2106 819 2140 festinat
836 2106 892 2148 21,

207 2153 261 2196 39,
278 2152 299 2185 3
324 2152 371 2186 ad
386 2151 555 2184 Ticinum
573 2151 707 2184 milites
728 2151 894 2184 cohorta—

207 2202 266 2232 tur
283 2197 331 2231 ib.
352 2198 395 2231 10
430 2196 565 2230 flumen
590 2196 714 2230 traicit
729 2196 785 2238 21,
805 2196 860 2239 45,
875 2195 896 2229 3

208 2242 437 2287 speculatum
460 2240 647 2285 profectus
668 2245 705 2276 et
727 2241 895 2274 vulnera-

209 2292 267 2320 tus
292 2298 314 2321 a
338 2286 414 2320 filio
440 2286 649 2320 defenditur
667 2287 722 2329 21,
743 2286 799 2329 46,
821 2286 839 2319 7
854 2285 895 2318 Ρ.

209 2331 305 2366 redit
325 2332 372 2365 ad
391 2331 535 2365 Padum
547 2332 603 2374 21,
618 2332 673 2374 47,
688 2332 709 2364 2
746 2331 832 2365 (10111
851 2330 897 2364 ad

211 2377 387 2411 Trebiam
398 2376 550 2419 21,48,4
573 2387 654 2410 cum
669 2376 813 2420 collega
827 2375 897 2408 dis-

211 2421 322 2456 sentit
341 2421 520 2455 dilaturus
539 2421 718 2465 proelium
738 2422 793 2464 21,
809 2421 863 2463 52,
880 2421 898 2453 7

212 2466 442 2501 Placentiam
473 2466 574 2499 ducit
604 2467 710 2500 clade
737 2466 785 2500 ad
810 2465 898 2499 Tre—

212 2511 311 2546 biam
326 2515 479 2555 accepta
492 2511 547 2553 21,
557 2511 642 2554 56,9
667 2511 704 2544 in
717 2510 900 2554 Hispania

215 2556 396 2591 communi
416 2556 566 2590 consilio
586 2567 668 2590 cum
688 2556 802 2590 fratre
823 2567 899 2589 rem

214 2602 309 2646 gerit
321 2602 376 2643 22,
391 2601 446 2643 22,
461 2601 483 2634 3
518 2601 596 2645 ipse
610 2601 777 2644 navibus,
803 2605 901 2635 terra

213 2649 327 2681 frater
339 2647 394 2689 23,
409 2646 463 2688 26,
479 2646 500 2679 2
535 2646 806 2680 Hasdrubalem
825 2646 900 2679 vin-

215 2696 302 2726 cunt
314 2692 369 2727 23.
379 2691 422 2724 29
430 2691 472 2725 Ρ.
498 2691 639 2726 litteras
653 2691 806 2726 Romam
821 2691 900 2724 mit-

264 2751 319 2776 Liri
333 2750 383 2776 val.
399 2748 442 2775 IV.

1524 197 1605 238 289

918 307 999 336 tunt
1013 304 1068 345 23,
1083 303 1139 346 48,
1155 303 1176 335 4
1202 301 1410 346 Syphacem
1432 297 1501 332 sibi
1521 308 1605 331 con-

920 348 1047 382 ciliant
1071 348 1126 389 24,
1152 348 1208 391 48,
1228 348 1249 380 2
1270 347 1312 380 P.
1350 345 1393 378 iis
1419 343 1608 388 provincia

919 398 1138 438 prorogatur
1157 393 1211 435 25,
1227 393 1259 435 3,
1275 393 1295 426 6
1330 389 1491 424 Indebili
1510 387 1608 421 obvi-

921 450 979 472 am
998 438 1183 482 profectus
1204 437 1250 470 ab
1271 435 1455 470 adsecutis
1471 445 1493 468 a
1505 437 1609 477 tergo

920 484 1086 562 {gigstipiliff
1101 483 1265 518 caeditur
1278 493 1361 515 cum
1381 479 1541 515 exercitu
1553 479 1609 519 25,

969 556 976 565 ,
993 531 1011 562 1
1084 555 1091 562 .

901 575 941 608 Ρ.
958 574 1149 609 Cornelius
1164 572 1286 616 Scipio
1301 572 1342 605 P.
1356 570 1398 604 F.
1414 569 1610 617 Africanus

923 620 969 654 ob
990 632 1008 654 e
1038 620 1178 664 regiam
1196 617 1386 651 victoriam
1413 615 1457 648 de
1476 614 1611 647 Poems

925 676 1018 709 appe
1037 665 1134 698 latus
1146 664 1201 707 21,
1216 663 1271 705 46,
1287 662 1357 696 8Ρ.
1383 663 1526 704 patrem
1540 669 1611 691 ser-

923 715 985 744 vat
1004 710 1051 743 ad
1071 709 1242 743 Ticinum
1262 707 1310 741 ib.
1326 707 1344 740 7
1359 706 1401 739 P.
1433 703 1518 738 trib.
1537 702 1612 735 mil.

924 756 980 798 22,
1001 755 1091 798 53,2
1128 754 1175 787 ad
1201 764 1282 787 eum
1308 761 1448 785 summa
1471 747 1613 792 imperii

925 801 1020 834 ultro
1036 811 1057 833 a
1076 799 1253 832 militibus
1267 797 1392 831 delata
1404 795 1453 828 ib.
1467 795 1488 828 3
1512 793 1615 827 nobi-

926 846 979 879 les
1017 845 1273 879 adulescentes
1305 841 1538 876 coniurantes
1570 837 1615 871 de

927 890 1171 934 relinquenda
1200 887 1322 933 patria
1352 886 1471 920 iurare
1503 882 1615 928 cogit,

928 946 1002 969 11011
1027 936 1234 969 deserturos
1253 933 1301 967 ib.
1323 932 1343 966 9
1364 931 1406 965 Ρ.
1439 929 1520 964 aed.
1541 939 1615 962 cur.

930 985 1015 1015 ante
1041 981 1176 1014 iustam
1201 982 1362 1013 aetatem
1387 976 1442 1019 25,
1469 975 1502 1017 2,
1529 974 1549 1007 6
1574 973 1615 1006 Ρ.

930 1025 1089 1060 011111111111
1116 1035 1295 1059 consensu
1319 1033 1385 1066 pro
1406 1019 1555 1055 consule
1581 1018 1619 1051 in

930 1071 1150 1115 Hispaniam
1162 1069 1293 1102 missus
1307 1068 1362 1109 26,
1379 1067 1433 1109 18,
1448 1066 1468 1099 9
1478 1065 1519 1098 P.
1541 1064 1619 1097 cius

931 1116 1072 1150 indoles
1099 1119 1135 1149 et
1160 1114 1269 1158 stirps
1295 1112 1418 1146 divina
1437 1111 1493 1154 26,
1514 1109 1556 1143 19
1575 1108 1619 1142 Ρ.

931 1160 1112 1205 Emporiis
1127 1160 1252 1204 copias
1267 1157 1415 1202 exponit
1427 1156 1476 1189 ib.
1493 1155 1534 1188 11
1559 1165 1617 1187 ex—

932 1207 1084 1241 ercitum
1105 1204 1315 1249 adloquitur
1332 1203 1388 1246 26,
1409 1202 1464 1243 41,
1480 1200 1501 1233 2
1532 1200 1619 1233 Car-

931 1251 1121 1296 thaginem
1135 1261 1266 1283 novam
1279 1247 1493 1293 adgreditur
1500 1245 1555 1287 26,
1564 1244 1620 1286 42,

932 1298 953 1330 3
978 1296 1112 1330 milites
1133 1295 1298 1329 oratione
1317 1292 1482 1327 incendit
1494 1291 1549 1333 26,
1563 1289 1620 1331 43,

933 1342 954 1375 3
990 1342 1210 1386 quingentos
1229 1350 1296 1384 per
1313 1342 1484 1382 stagnum
1508 1335 1545 1368 in
1564 1346 1622 1367 ur-

934 1387 1018 1421 bem
1044 1385 1145 1419 ducit
1168 1385 1229 1427 26,
1256 1384 1316 1427 45,
1346 1384 1364 1417 7
1389 1383 1431 1416 P.
1481 1378 1623 1425 ingenti

937 1431 1075 1476 praeda
1094 1430 1232 1474 potitur
1250 1430 1305 1471 26,
1320 1429 1364 1462 47
1379 1438 1456 1471 sqq.
1489 1425 1624 1459 milites

935 1476 1125 1510 collaudat
1139 1475 1324 1517 donatque
1337 1474 1392 1515 26,
1408 1472 1452 1505 48
1477 1470 1623 1504 obsides

935 1522 1095 1565 benigne
1127 1523 1232 1553 curat
1261 1519 1322 1561 26,
1349 1518 1393 1551 49
1441 1516 1622 1560 captivam

935 1577 1068 1611 sponso
1094 1576 1177 1599 cum
1202 1565 1286 1598 dote
1310 1561 1470 1597 restituit
1493 1562 1555 1599 26,
1581 1560 1625 1593 50

936 1622 1024 1646 cura
1036 1610 1165 1644 habita
1178 1608 1357 1643 exercitus
1370 1611 1407 1641 et
1419 1605 1519 1639 urbis
1533 1605 1624 1638 Tar-

936 1667 1109 1691 raconem
1127 1653 1372 1700 proficiscitur
1389 1653 1445 1695 26,
1466 1652 1520 1693 51,
1541 1651 1561 1684 9
1593 1650 1625 1683 ei

936 1702 1128 1746 imperium
1152 1703 1402 1744 prorogatum,
1430 1698 1546 1730 donec
1571 1706 1625 1729 re-

936 1750 1087 1782 vocatus
1112 1746 1207 1779 foret
1226 1745 1283 1787 27,
1305 1745 1335 1787 7,
1352 1744 1394 1777 17
1425 1741 1543 1776 socios
1563 1752 1625 1773 na-

936 1793 1038 1827 vales
1058 1790 1234 1826 exercitui
1259 1788 1422 1823 terrestri
1448 1787 1551 1821 addit
1569 1786 1625 1827 27,

938 1839 992 1879 17,
1008 1838 1028 1871 6
1059 1835 1334 1871 Hasdrubalem
1347 1833 1459 1867 vincit
1474 1832 1520 1866 ad
1534 1831 1627 1864 Bac-

939 1883 1059 1917 culam
1084 1882 1145 1924 27,
1173 1881 1217 1915 18
1242 1880 1283 1914 P.
1327 1879 1470 1923 regium
1494 1887 1627 1910 nomen

940 1931 1160 1972 aspernatur
1172 1927 1228 1968 27,
1246 1926 1299 1968 19,
1314 1925 1337 1958 4
1361 1923 1558 1957 Massivam
1575 1921 1626 1953 di—

938 1972 1049 2006 mittit
1063 1983 1144 2005 cum
1158 1971 1263 2004 donis
1277 1970 1324 2003 ad
1333 1968 1565 2002 Masinissam
1579 1966 1627 1998 ib.

939 2018 1010 2050 8P.
1038 2016 1203 2050 Silanum
1216 2015 1328 2048 mittit
1341 2014 1513 2047 adversus
1527 2011 1629 2044 Han-

940 2073 1073 2096 nonem
1085 2062 1141 2103 28,
1157 2061 1201 2094 15
1215 2063 1342 2094 contra
1355 2056 1628 2092 Hasdrubalem

941 2107 1127 2150 profectus
1136 2105 1291 2139 Lucium
1298 2103 1449 2137 fratrem
1456 2101 1631 2145 relinquit

942 2152 997 2196 28,
1012 2152 1045 2194 3,
1060 2151 1081 2183 2
1096 2150 1143 2184 cf.
1164 2150 1219 2193 28,
1235 2150 1288 2192 13,
1304 2149 1327 2182 4
1361 2158 1510 2192 pugnae
1536 2145 1630 2180 ordi-

942 2208 1026 2231 nem
1040 2199 1184 2229 mutans
1197 2195 1339 2228 hostem
1358 2193 1457 2227 fallit
1469 2192 1524 2234 28,
1541 2192 1595 2234 14,
1611 2191 1631 2225 6

943 2242 1058 2275 vincit
1070 2241 1125 2283 28,
1141 2240 1274 2273 14—15
1288 2239 1365 2273 eius
1380 2239 1493 2271 ductu
1506 2237 1631 2281 quinto

946 2298 1041 2320 anno
1050 2289 1244 2330 postquam
1253 2283 1480 2328 provinciam
1490 2281 1633 2326 aceepit

946 2332 984 2365 in
998 2331 1180 2374 Hispania
1199 2329 1424 2363 debellatum
1448 2328 1503 2371 28,
1522 2327 1575 2370 16,
1591 2326 1634 2359 14

946 2377 988 2410 P.
1003 2377 1041 2409 in
1054 2375 1219 2409 Africam
1232 2374 1355 2408 traicit
1369 2374 1416 2407 ad
1425 2372 1633 2417 Syphacem

946 2422 1002 2464 28,
1018 2422 1072 2463 17,
1088 2421 1130 2454 12
1144 2420 1186 2454 P.
1223 2430 1296 2453 11110
1321 2419 1417 2453 lecto
1438 2429 1520 2452 cum
1538 2417 1632 2450 Has-

948 2466 1101 2500 drubale
1117 2464 1299 2499 accumbit
1313 2464 1368 2507 28,
1385 2464 1439 2506 18,
1455 2464 1476 2496 5
1490 2462 1531 2496 P.
1557 2461 1632 2495 foe-

948 2512 1033 2546 dere
1058 2512 1132 2545 icto
1156 2522 1237 2544 cum
1264 2509 1434 2554 Syphace
1465 2507 1560 2542 redit
1584 2507 1631 2540 ib.

948 2558 990 2591 12
1003 2557 1047 2590 P.
1084 2555 1254 2599 Iliturgin
1275 2553 1490 2599 aggreditur
1507 2553 1563 2594 28,
1579 2552 1633 2595 19,

947 2604 970 2635 4
1004 2601 1138 2635 milites
1157 2611 1222 2633 suo
1246 2599 1410 2644 periculo
1433 2597 1636 2631 inflammat

948 2647 994 2680 ib.
1010 2647 1051 2680 17
1088 2645 1177 2679 urbe
1198 2649 1307 2689 capta
1321 2643 1557 2678 Castulonem
1571 2643 1637 2675 du-

949 2692 999 2726 cit
1017 2691 1073 2735 28,
1093 2691 1148 2735 20,
1163 2691 1185 2725 8
1221 2701 1351 2724 munus
1375 2688 1635 2734 gladiatorium

1285 2747 1327 2780 19
