1804 2926
241 145 320 186 102
498 150 651 185 1211}ssss
676 148 903 192 xxxxm,
933 149 983 181 Π.
1008 148 1058 181 is.
1088 145 1328 190 [a.u.e.5s5]

239 267 281 298 ut
308 255 516 312 praesidia
545 255 587 294 in
619 254 744 294 urbes
778 268 874 293 suas
906 251 1201 292 inducerentur
1225 250 1426 291 adversus
1453 264 1595 290 amen-

193 335 212 365 s
239 320 337 360 tiam
364 332 529 364 eorum,
566 316 638 369 qui
663 316 717 356 ad
740 314 1000 356 Maccdonas
1025 322 1193 368 gentem
1226 312 1466 360 trabebant3
1497 326 1594 366 pars

240 395 452 429 recusare,
477 394 548 427 ne,
573 378 686 431 quod
711 377 820 418 bello
846 376 976 430 captis
1001 385 1039 417 et
1066 375 1254 416 hostibus
1280 390 1368 415 mos
1394 383 1522 422 esset,
1554 374 1595 414 id

195 461 212 488 9
238 450 412 498 pacatae
438 450 479 482 et
511 441 648 481 sociae
674 439 862 481 civitates
892 438 1146 493 ignominiae
1178 438 1427 492 acciperent.
1488 437 1597 476 iusta

239 505 476 560 deprecatio
503 503 606 544 haec
627 502 728 543 visa.
766 501 961 542 Larisam
982 501 1033 541 ad
1052 500 1276 541 Hostilium
1305 499 1596 554 proconsulem

178 583 213 610 io
238 592 293 596 —
314 567 367 608 ab
393 582 442 608 eo
467 566 578 607 enim
602 564 717 605 missi
744 571 861 605 erant
880 563 1074 617 —legati
1100 563 1326 603 redierunt.
1366 562 1595 602 Octavium

199 2071 215 2099 *l

239 629 408 670 retinuit
441 643 604 676 secum,
640 627 869 681 Popillium
903 640 997 665 cum
1030 625 1141 666 mille
1167 625 1298 665 ferme
1330 624 1529 664 militibus
1556 623 1596 663 in

239 692 413 732 hiberna
438 689 712 731 Ambraciam
737 689 860 729 misit.

323 753 497 795 XVIII.
535 752 717 793 Perseus
742 750 946 805 principio
972 749 1121 790 hiemis
1148 749 1291 803 egredi
1316 748 1596 789 BIacedoniae

239 816 391 856 finibus
406 830 489 855 non
509 830 650 863 ausus,
675 829 727 855 ne
746 828 829 867 qua
848 813 891 852 in
912 826 1090 866 regnum
1112 826 1292 851 vacuum
1314 811 1597 865 inrumperent

238 877 439 926 Romani,
483 877 561 917 sub
597 885 763 930 tempus
799 875 992 922 brumae,
1030 888 1126 913 eum
1161 872 1508 926 inexsuperabilis
1546 872 1599 912 ab

240 938 460 980 Thessalia
474 946 636 979 montes
654 937 761 978 nivis
784 936 960 977 altitudo
974 935 1088 984 facit,
1103 934 1365 976 occasionem
1380 950 1470 976 esse
1484 942 1599 976 ratus

239 1001 463 1055 frangendi
492 1000 764 1040 finitimorum
798 1013 892 1053 spes
925 997 1190 1051 animosque,
1226 1012 1278 1038 nc
1316 996 1417 1050 quid
1453 1012 1600 1038 averso

240 1080 282 1105 se
303 1063 345 1104 in
360 1063 599 1104 Romanum
620 1062 776 1102 bellum
795 1060 970 1115 periculi
990 1060 1043 1100 ab
1064 1062 1099 1100 is
1120 1066 1242 1108 essct,
1268 1074 1363 1100 cum
1383 1075 1407 1100 a
1421 1059 1602 1101 Threcia

239 1141 386 1180 pacem
409 1124 555 1179 Cotys,
582 1124 634 1165 ab
655 1123 786 1178 Epiro
803 1121 1018 1177 Cephalus
1043 1122 1262 1177 repentina
1288 1122 1522 1163 defectione
1548 1122 1601 1163 ab

242 1189 442 1230 Romanis
463 1195 736 1242 praestarent,
762 1186 988 1226 Dardanos
1008 1199 1153 1226 recens
1174 1185 1403 1226 domuisset
1429 1186 1600 1234 bellum,

240 1252 374 1292 solum
406 1251 605 1291 infestum
632 1264 723 1291 esse
748 1249 1028 1289 EIaccdoniae
1053 1249 1182 1297 latus,
1214 1245 1327 1301 quod
1353 1248 1406 1289 ab
1431 1246 1601 1303 Illyrico

239 1321 419 1369 pateret,
458 1328 650 1361 cernens,
688 1326 824 1365 neque
860 1310 961 1365 ipsis
993 1311 1144 1364 quietis
1178 1311 1331 1364 Illyriis
1364 1319 1404 1352 et
1441 1311 1602 1352 aditum

241 1376 537 1430 praebentibus
557 1375 775 1423 Romanis,
801 1374 835 1414 si
864 1373 1091 1414 domuisset
1115 1373 1327 1428 proximos
1346 1373 1602 1428 Illyriorum,

241 1437 445 1480 Gentium
482 1452 649 1490 quoque
682 1451 826 1491 regem
858 1436 940 1476 iam
973 1436 1044 1476 diu
1079 1436 1255 1476 dubium
1285 1436 1329 1476 in
1359 1436 1602 1478 societatem

239 1500 384 1555 perlici
408 1515 552 1554 posse,
579 1514 675 1540 cum
701 1499 846 1540 decem
872 1498 1039 1539 milibus
1067 1498 1275 1552 peditum,
1301 1512 1479 1551 quorum
1504 1515 1601 1554 pars

240 1562 507 1618 phalangitae
535 1569 665 1609 erant,
691 1568 731 1602 et
757 1561 921 1601 duobus
945 1560 1114 1601 milibus
1143 1561 1300 1601 levium
1326 1576 1536 1602 armorum
1562 1570 1604 1603 et

241 1624 481 1679 quingentis
507 1623 718 1677 equitibus
743 1623 957 1677 profectus
978 1622 1205 1664 Stuberam
1229 1623 1356 1664 venit.
1393 1623 1490 1665 inde
1515 1624 1603 1665 fru-

240 1695 381 1728 mento
427 1686 689 1740 conplurium
735 1686 896 1727 dierum
943 1692 1110 1740 sumpto
1153 1685 1351 1739 iussoque
1399 1694 1603 1741 apparatu

243 1749 622 1804 oppugnandarum
647 1748 814 1789 urbium
841 1748 972 1801 sequi,
999 1748 1121 1789 tertio
1147 1748 1213 1790 die
1239 1749 1293 1790 ad
1311 1748 1527 1791 Uscanam
1547 1774 1604 1779 ——

241 1812 521 1853 Penestianae
546 1819 680 1853 terrae
707 1827 756 1853 ea
780 1811 964 1852 maxima
995 1811 1095 1852 urbs
1122 1820 1185 1853 est
1209 1835 1265 1840 —
1288 1812 1428 1866 posuit
1453 1821 1603 1862 castra,

242 1875 356 1929 prius
381 1883 521 1916 tamen
546 1889 673 1928 quam
698 1874 784 1915 vim
815 1874 1056 1915 admoveret
1086 1874 1222 1914 missis
1249 1874 1322 1927 qui
1352 1881 1605 1929 temptarent

241 1951 353 1978 nune
377 1937 686 1991 praefectorum
711 1936 913 1991 praesidi,
948 1951 1061 1977 nunc
1091 1936 1397 1991 oppidanorum
1430 1937 1603 1978 animos.

242 2007 331 2040 erat
356 2007 496 2040 autem
516 1999 689 2040 ibicum
714 2000 930 2040 iuventute
944 1998 1184 2053 Illyriorum
1198 1999 1438 2040 Romanum
1465 1998 1605 2055 [prae-

242 2060 430 2116 sidium]
462 2068 687 2116 postquam
711 2061 813 2102 nihil
839 2060 977 2116 pacati
996 2061 1248 2110 referebant,
1274 2076 1520 2116 oppugnare
1541 2070 1602 2103 est

243 2123 413 2165 adortus
440 2132 481 2165 et
506 2138 661 2165 corona
681 2140 779 2165 eam
805 2138 953 2179 capere
979 2130 1153 2164 conatus
1180 2132 1255 2165 est.
1305 2139 1401 2165 cum
1427 2124 1515 2165 sine
1540 2123 1604 2164 in-

243 2186 504 2228 termissione
532 2186 715 2227 interdiu
740 2194 953 2239 noctuque
978 2186 1048 2227 alii
1074 2186 1165 2226 aliis
1190 2186 1483 2235 succedentes,
1509 2200 1605 2240 pars

244 2249 376 2290 scalas
402 2248 552 2298 muris,
589 2249 731 2304 ignem
763 2249 894 2304 portis
918 2248 1139 2297 inferrent,
1178 2248 1440 2290 sustinebant
1464 2256 1604 2289 tamen

244 2324 337 2351 eam
368 2317 661 2364 tempestatem
691 2319 1027 2366 propugnatores
1058 2310 1195 2360 urbis,
1232 2311 1333 2364 quia
1369 2325 1464 2365 spes
1501 2318 1604 2358 erat,

245 2385 381 2424 neque
406 2371 553 2412 hiemis
579 2373 663 2413 vim
689 2373 844 2415 diutius
869 2374 956 2429 pati
969 2373 1229 2415 Macedonas
1254 2373 1298 2414 in
1317 2380 1461 2428 aperto
1481 2387 1605 2427 posse

243 2447 321 2474 nec
358 2433 411 2473 ab
446 2433 640 2474 Romano
678 2435 787 2477 bello
823 2444 987 2477 tantum
1022 2436 1114 2491 regi
1148 2435 1376 2477 lax'amenti
1412 2436 1523 2484 fore,
1559 2442 1605 2476 ut

243 2503 383 2549 posset
408 2496 574 2536 morari.
637 2506 822 2538 ceterum
853 2507 1079 2553 postquam
1109 2499 1253 2540 vineas
1285 2499 1355 2553 agi
1386 2507 1604 2551 turresque

247 2557 416 2598 excitari
442 2558 648 2607 viderunt,
674 2559 784 2600 vieta
808 2561 1038 2614 pertinacia
1063 2570 1137 2602 est.
1187 2577 1285 2602 nam
1309 2570 1602 2615 praeterquam

245 2619 356 2671 quod
384 2620 582 2662 adversus
609 2622 693 2662 vim
718 2637 839 2677 pares
865 2638 948 2665 non
974 2632 1103 2671 erant,
1129 2639 1181 2665 ne
1206 2623 1405 2665 frumenti
1431 2621 1601 2676 quidem
