1804 2926
366 221 656 258 PERIOCHAE
682 219 947 256 LIBRORUM
973 219 1079 255 CXX
1088 240 1129 244 ——
1139 219 1330 254 CXXVII.
1442 209 1521 249 221

167 318 258 359 tres,
279 318 392 359 caput
411 324 554 358 quoque
575 323 657 347 cum
677 312 805 346 dextra
824 322 936 345 manu
955 310 992 344 in
1005 310 1131 344 rostris
1144 311 1303 355 positum
1317 314 1382 344 est.
1420 320 1524 354 prae-

167 366 270 395 terea
283 371 341 394 res
354 371 376 393 a
389 359 438 392 M.
452 359 567 392 Bruto
581 358 619 391 in
633 356 793 392 Graecia
805 360 932 400 gestas
945 356 1119 390 continet.

252 413 303 437 Ex
322 413 397 437 LIB.
419 411 507 437 CXXI
527 410 591 442 QVI
613 410 749 435 EDITvs
768 409 862 434 POST
880 408 1081 434 EXCESSVM
1100 408 1263 433 AVGVSTI
1282 406 1447 432 DICITVR.

235 449 276 484 C.
291 448 454 492 Cassius,
477 448 536 482 cui
554 447 767 481 mandatum
782 458 804 481 a
818 450 950 481 senatu
964 450 1060 490 erat,
1081 450 1122 480 ut
1134 445 1371 480 Dolabellam
1384 445 1525 479 hostem

167 494 367 528 iudicatum
379 494 478 528 bello
491 496 790 537 persequeretur,
813 492 1031 526 auctoritate
1045 491 1098 526 rei
1112 491 1284 535 publicae
1298 490 1444 525 adiutus
1459 489 1525 535 Sy-

166 540 259 573 riam
273 551 354 574 cum
368 538 484 572 tribus
499 538 735 580 exercitibus,
758 538 819 582 qui
834 537 871 571 in
887 538 1014 572 eadem
1027 537 1217 582 provincia
1230 539 1352 579 erant,
1373 535 1411 569 in
1423 539 1525 580 pote-

167 589 300 619 statem
319 595 421 618 suam
438 583 599 628 redegit,
620 583 859 617 Dolabellam
880 583 917 616 in
938 583 1028 617 urbe
1041 581 1223 616 Laudicia
1236 581 1424 616 obsessum
1437 580 1527 613 mori

167 630 300 675 coegit.
324 629 373 662 M.
390 639 533 673 quoque
547 628 653 662 Bruti
667 627 768 662 iussu
782 628 821 663 C.
836 628 1020 662 Antonius
1034 631 1176 672 captuS,
1190 626 1332 661 occisus
1347 630 1413 660 est.

712 682 761 705 Ex
781 681 853 705 LIB.
875 680 988 706 cxxn.

234 719 283 752 M.
311 719 447 753 Brutus
480 719 654 753 adversus
682 718 847 753 Thracas
881 730 1078 763 parumper
1102 728 1275 762 prospere
1299 728 1376 751 rem
1402 715 1527 761 gessit,

165 765 406 808 omnibusque
431 764 683 798 transmarinis
708 764 904 808 provinciis
930 764 1223 807 exercitibusque
1248 762 1286 796 in
1306 765 1529 807 potestatem

165 810 242 844 cius
264 813 301 844 et
319 809 359 844 C.
375 809 480 843 Cassi
497 809 674 852 redactis,
697 810 863 844 coierunt
883 809 1061 854 Smyrnae
1081 812 1235 852 uterque
1256 808 1302 842 ad
1324 807 1529 841 ordinanda

164 854 255 889 belli
267 854 381 888 futuri
395 854 560 889 consilia.
587 854 636 888 M.
651 854 836 890 Messalae
850 855 1081 899 Poplicolam
1094 853 1245 888 fratrem
1257 853 1419 887 vinctum
1432 863 1527 886 com-

165 900 266 936 muni
279 900 431 934 consilio
445 900 756 934 condonaverunt.

701 953 751 977 Ex
770 954 844 977 LIB.
865 952 991 978 cxxlii.

236 988 317 1023 Sex.
331 989 529 1034 Pompeius
542 989 670 1036 Magni
692 990 805 1034 filius,
828 991 993 1025 collectis
1007 1003 1051 1025 ex
1062 989 1173 1035 Epiro
1187 987 1401 1034 proscriptis
1417 998 1459 1022 ac
1472 987 1527 1021 su-

167 1034 306 1079 gitivis,
329 1047 411 1069 cum
433 1036 594 1070 exercitu
609 1036 671 1068 diu
685 1036 762 1070 sine
776 1036 855 1070 ulla
868 1037 939 1070 loci
954 1036 1168 1080 cuiusquam
1181 1035 1410 1079 possessione
1423 1044 1527 1077 prae—

167 1082 274 1113 datus
294 1081 330 1113 in
348 1080 457 1124 mari,
478 1081 688 1115 Messanam
709 1082 883 1125 oppidum
905 1082 942 1114 in
963 1082 1089 1115 Sicilia
1108 1080 1281 1125 primum,
1309 1079 1394 1113 dein
1412 1082 1527 1112 totam

166 1125 394 1168 provinciam
425 1126 620 1170 occupavit
645 1126 840 1171 occisoque
864 1127 1042 1171 Pompeio
1067 1126 1264 1170 Bithynico
1289 1128 1458 1169 praetore
1485 1123 1527 1163 Q.

168 1170 419 1205 Salvidienum
432 1171 597 1216 legatum
611 1170 780 1206 Caesaris
793 1172 916 1206 navali
930 1172 1069 1215 proelio
1083 1171 1180 1205 vicit.
1214 1170 1351 1204 Caesar
1364 1173 1401 1203 ct
1413 1168 1528 1202 Anto-

166 1215 248 1248 nius
274 1227 355 1249 cum
381 1216 600 1250 exercitibus
625 1216 662 1249 111
689 1217 886 1251 Graeciam
910 1217 1150 1259 traiecerunt,
1183 1216 1322 1250 bellum
1355 1214 1529 1248 adversus

166 1261 320 1294 Brutum
345 1265 382 1295 et
401 1261 567 1295 Cassium
592 1262 742 1306 gesturi.
781 1262 823 1302 Q.
846 1261 1062 1296 Cornificius
1082 1262 1118 1295 in
1137 1260 1266 1295 Africa
1288 1260 1331 1293 T.
1353 1258 1527 1302 Sextium,

167 1306 425 1340 Cassianarum
438 1306 596 1351 partium
611 1306 753 1350 ducem,
768 1307 909 1350 proelio
924 1307 1020 1340 vicit.

699 1359 749 1383 Ex
764 1360 836 1383 Lux.
852 1359 994 1384 cxxim.

235 1395 274 1430 C.
295 1395 432 1430 Caesar
457 1399 493 1429 et
517 1396 700 1430 Antonius
728 1397 826 1441 apud
851 1397 1043 1441 Philippos
1069 1397 1171 1431 vario
1197 1400 1330 1431 eventu
1356 1396 1529 1430 adversus

166 1440 319 1476 Brutum
339 1445 376 1475 et
397 1441 563 1475 Cassium
588 1446 863 1486 pugnaverunt,
892 1442 944 1475 ita
970 1447 1009 1475 ut
1035 1442 1163 1476 dextra
1182 1442 1371 1485 utriusque
1393 1452 1530 1474 cornua

165 1486 355 1520 vincerent
369 1489 405 1520 et
418 1490 539 1520 castra
553 1497 695 1530 quoque
710 1488 891 1531 utrimque
907 1487 953 1521 ab
969 1487 1012 1520 iis
1027 1487 1087 1531 qui
1102 1488 1265 1521 vicerant
1276 1498 1528 1531 expugnaren—

165 1535 234 1566 tur.
267 1532 331 1565 sed
345 1531 577 1575 inaequalem
591 1531 777 1566 fortunam
792 1532 951 1577 partium
965 1543 1061 1566 mors
1075 1531 1178 1567 Cassi
1191 1531 1297 1574 fecit,
1321 1533 1383 1575 qui
1397 1542 1477 1565 cum
1492 1531 1529 1564 in

166 1587 208 1611 00
228 1587 343 1610 cornu
360 1576 506 1620 fuisset,
528 1577 625 1621 quod
643 1577 790 1621 pulsum
811 1581 906 1621 crat,
928 1580 1044 1611 totum
1065 1577 1261 1611 exercitum
1286 1576 1408 1610 fusum
1426 1581 1529 1610 ratus

166 1625 320 1656 mortem
341 1621 527 1655 conscivit.
567 1622 684 1657 altera
705 1623 788 1657 dein
809 1623 887 1657 acie
908 1623 1025 1656 victus
1044 1622 1093 1656 M.
1108 1623 1244 1655 Brutus
1264 1624 1300 1655 et
1319 1622 1397 1666 ipse
1416 1622 1529 1655 vitam

166 1666 271 1709 finiit,
288 1671 435 1701 exorato
451 1666 622 1701 Stratone
637 1668 750 1713 fugae
765 1668 908 1711 comite,
930 1672 971 1702 ut
984 1668 1053 1701 sibi
1067 1668 1232 1713 gladium
1250 1667 1428 1712 adigeret.
1466 1678 1527 1701 an-

166 1724 293 1762 norum
315 1717 393 1747 crat
409 1715 433 1756 [.
450 1738 457 1746 .
474 1716 500 1755 .]
516 1712 661 1748 circiter
675 1714 939 1759 quadraginta,
961 1713 1056 1748 inter
1069 1724 1160 1758 quos
1175 1714 1218 1754 Q.
1234 1712 1455 1747 Hortensius
1470 1723 1528 1746 oc-

166 1768 261 1792 cisus
276 1762 342 1792 est.

711 1807 760 1831 Ex
780 1807 852 1831 Lm.
875 1806 987 1831 CXXV.

236 1847 374 1882 Caesar
386 1848 514 1883 relicto
528 1853 630 1883 trans
643 1861 743 1884 mare
757 1850 920 1883 Antonio
936 1871 979 1874 —
994 1849 1205 1894 provinciae
1220 1861 1264 1884 ea
1276 1853 1381 1895 parte
1400 1849 1530 1893 imperi

167 1893 310 1937 positae
336 1894 369 1927 ei
394 1899 815 1929 cesserant—reversus
834 1895 871 1928 in
890 1895 1038 1929 ltaliam
1062 1895 1245 1929 veteranis
1267 1907 1375 1941 agros
1396 1895 1528 1928 divisit.

168 1938 366 1972 seditiones
392 1940 569 1972 exercitus
596 1940 667 1982 sui,
695 1952 784 1984 quas
811 1940 973 1985 corrupti
993 1952 1014 1974 a
1033 1940 1166 1974 Fulvia
1184 1941 1233 1973 M.
1255 1941 1396 1974 Antoni
1420 1951 1529 1974 uxore

168 1983 303 2016 milites
323 1983 495 2017 adversus
514 1984 770 2028 imperatorem
791 1997 894 2018 suum
909 1985 1196 2028 concitaverant,
1221 1997 1302 2019 011111
1317 1985 1421 2030 gravi
1435 1985 1529 2029 peri-

169 2028 252 2062 culo
271 2028 440 2061 inhibuit.
477 2028 718 2067 L.,Antonius
732 2030 869 2073 consul,
890 2030 939 2063 M.
954 2030 1094 2063 Antoni
1107 2030 1233 2073 frater,
1257 2031 1385 2064 eadem
1399 2030 1532 2063 Fulvia

169 2072 386 2108 consiliante
407 2073 545 2107 bellum
560 2073 711 2108 Caesari
730 2074 863 2108 intulit.
900 2075 1058 2118 receptis
1079 2076 1117 2108 in
1135 2080 1260 2119 partes
1273 2086 1357 2109 suas
1371 2075 1529 2119 populis,

170 2129 322 2163 quorum
337 2118 417 2163 agri
429 2119 611 2153 veteranis
626 2118 811 2164 adsignati
825 2123 946 2162 erant,
970 2124 1006 2153 et
1019 2119 1068 2153 M.
1083 2120 1136 2153 Le
1151 2120 1244 2163 iido,
1266 2119 1327 2164 qui
1342 2120 1530 2154 custodiae

169 2163 270 2197 urbis
285 2175 366 2197 cum
381 2164 541 2198 exercitu
553 2170 736 2209 praeerat,
751 2164 843 2207 fuso,
859 2165 1041 2199 hostiliter
1054 2165 1092 2198 in
1104 2177 1147 2198 ur
1176 2176 1233 2199 em
1246 2165 1393 2210 inrupit.

710 2218 760 2242 Ex
778 2218 851 2242 ΜΒ.
873 2217 998 2243 CXXVI.

240 2255 379 2289 Caesar
402 2266 484 2289 cum
508 2259 606 2289 esset
630 2266 806 2289 annorum
830 2255 962 2300 viginti
981 2255 1108 2299 trium,
1130 2255 1318 2290 obsessum
1339 2255 1376 2289 in
1396 2255 1531 2300 oppido

170 2300 324 2334 Perusia
342 2300 385 2333 L.
405 2300 609 2334 Antonium
633 2305 878 2344 conatumque
905 2300 1127 2344 aliquotiens
1146 2311 1335 2345 erumpere
1355 2305 1392 2336 et
1410 2302 1530 2352 repul-

171 2357 250 2378 sum
269 2345 366 2379 fame
382 2345 505 2390 coegit
517 2345 555 2379 in
569 2346 791 2380 deditionem
806 2345 947 2389 venire,
968 2346 1111 2397 ipsique
1125 2350 1162 2380 et
1174 2346 1342 2380 omnibus
1354 2347 1531 2381 militibus

172 2390 249 2424 eius
269 2390 426 2435 ignovit,
446 2390 638 2424 Perusiam
652 2391 779 2433 diruit,
801 2391 1033 2435 redactisque
1052 2402 1091 2424 in
1103 2395 1324 2435 potestatem
1340 2403 1442 2425 suam
1457 2403 1530 2426 om-

171 2435 279 2469 nibus
311 2435 475 2470 diversae
506 2436 621 2480 partis
647 2436 867 2471 exercitibus
892 2437 1030 2471 bellum
1056 2436 1149 2471 citra
1172 2437 1286 2470 ullum
1312 2437 1531 2482 sanguinem

172 2481 342 2515 confecit.

698 2530 751 2554 Ex
769 2529 843 2554 LlB.
863 2527 1004 2555 CXXVII.

241 2571 369 2606 Parthi
394 2572 579 2615 Labieno,
606 2572 668 2616 qui
690 2572 1002 2616 Pompeianarum
1027 2571 1187 2617 partium
1209 2572 1349 2616 fuerat,
1377 2573 1469 2607 duce
1494 2573 1531 2606 in

173 2617 318 2662 Syriam
332 2618 558 2662 inruperunt,
572 2618 741 2662 victoque
754 2617 910 2653 Decidio
926 2618 1032 2661 Saxa,
1050 2618 1097 2651 M.
1112 2618 1252 2651 Antoni
1265 2618 1402 2662 levato,
1416 2622 1533 2652 totam

172 2675 253 2697 eam
275 2663 500 2707 provinciam
514 2666 795 2707 occupaverunt.
833 2663 881 2697 M.
896 2664 1079 2697 Antonius
1094 2675 1176 2697 cum
1191 2664 1238 2697 ad
1253 2645 1389 2697 bellum
1405 2665 1532 2698 adver-

172 2720 233 2742 sus
247 2708 443 2743 Caesarem
462 2708 663 2753 gerendum
685 2711 710 2752 [.
727 2734 734 2742 .
750 2711 773 2752 .]
795 2720 905 2744 uxore
926 2709 1073 2753 Fulvia,
1094 2720 1140 2744 ne
1162 2710 1379 2744 concordiae
1400 2710 1532 2744 ducum
