1804 2926
496 154 649 188 LIBER
673 152 900 195 XXXXHI,
926 152 957 186 5.
978 153 1008 185 6.
1038 155 1085 195 [a.
1101 151 1139 186 C.
1156 153 1236 196 170]
1489 146 1540 186 91

166 264 174 279 “
193 275 301 302 anno
326 258 474 305 fuerat,
500 264 588 298 tum
613 256 803 296 tribunus
828 255 1005 295 militum
1030 255 1072 295 in
1091 255 1345 297 Macedonia
1370 271 1465 298 cum
1486 258 1541 298 A.

195 321 373 364 Hostilio
399 325 500 366 erat,
527 318 736 371 querellae
762 317 815 357 ad
840 324 1030 358 senatum
1052 317 1214 359 delatae
1237 327 1332 359 sunt
1352 326 1392 359 et
1416 319 1540 374 legati

190 383 301 438 regis
327 379 547 423 Gallorum
575 377 771 420 Cincibili
796 386 1012 419 venerunt.
1073 379 1201 420 frater
1226 380 1314 421 eius
1347 381 1475 422 verba
1499 381 1542 421 in

191 451 337 486 senatu
361 442 473 490 fecit,
499 448 669 494 questus
698 440 949 495 Alpinorum
974 442 1227 495 populorum
1260 457 1382 496 agros
1408 443 1540 483 socio-

189 522 282 548 rum
307 519 478 546 suorum
505 503 805 558 depopulatum
821 501 870 543 C.
888 501 1082 544 Cassium
1108 519 1197 545 esse
1224 512 1264 545 et
1288 504 1385 545 inde
1410 506 1542 545 multa

189 569 302 609 milia
326 566 542 607 hominum
567 566 610 606 in
635 565 877 606 servitutem
903 565 1146 620 abripuisse.
1196 566 1275 607 sub
1300 566 1413 607 idem
1438 574 1542 607 tem·
1567 580 1585 608 :3

188 645 265 684 pus
283 627 519 669 Carnorum
539 627 865 680 Histrorumque
885 635 924 668 et
944 627 1153 681 Iapydum
1173 628 1302 682 legati
1321 636 1541 669 venerunt:

189 692 316 732 duces
349 690 428 730 sibi
453 690 506 730 ab
532 689 702 730 consule
729 687 877 729 Cassio
910 689 1091 743 primum
1121 690 1364 744 imperatos,
1403 690 1475 743 qui
1499 690 1540 730 in

188 752 485 794 Macedoniam
499 751 667 792 ducenti
683 751 909 792 exercitum
928 751 1006 791 iter
1023 759 1319 801 monstrarent3
1344 760 1541 806 pacatum
1568 766 1587 794 4

187 815 240 856 ab
266 829 310 855 se
335 821 551 866 tamquam
576 814 630 854 ad
656 813 770 854 aliud
796 813 952 854 bellum
976 814 1208 867 gerendum
1234 814 1383 855 abisse.
1443 814 1540 855 inde

188 892 239 917 ex
273 875 413 917 medio
449 890 687 929 regressum
729 875 876 916 itinere
913 874 1115 916 hostiliter
1157 890 1401 930 peragrasse
1437 876 1540 917 fines

187 954 298 988 suos,
325 938 472 979 caedes
497 938 653 992 passim
678 938 928 992 rapinasque
954 946 994 978 et
1018 937 1210 979 incendia
1236 937 1349 978 facta
1359 954 1368 986 3
1394 952 1471 979 nec
1497 953 1540 979 se

187 1001 240 1041 ad
271 1001 314 1041 id
342 1001 529 1040 locorum
561 1000 683 1048 scire,
720 1007 889 1053 propter
919 1014 1045 1052 quam
1078 1014 1247 1040 causam
1273 1000 1434 1041 consuli
1464 1015 1539 1054 pro

187 1062 375 1103 hostibus
401 1061 568 1102 fuerint.
608 1070 649 1102 et
673 1061 818 1115 regulo
835 1060 1054 1101 Gallorum
1077 1061 1238 1102 absenti
1259 1069 1299 1102 et
1319 1061 1381 1102 his
1406 1076 1540 1116 popu·
1566 1076 1583 1103 5

186 1124 236 1164 lis
250 1138 497 1178 responsum
511 1131 586 1171 est,
608 1130 797 1164 senatum
812 1138 874 1171 ea,
897 1137 1003 1175 quae
1018 1123 1130 1164 facta
1143 1130 1384 1176 querantur,
1404 1138 1540 1176 neque

188 1186 313 1226 scisse
346 1186 489 1225 futura-
518 1199 675 1237 neque,
713 1184 747 1224 si
772 1184 853 1224 sint
883 1184 1014 1233 facta,
1051 1185 1248 1238 probare,
1286 1185 1359 1225 sed
1384 1185 1539 1226 indicta

187 1262 313 1287 causa
333 1241 521 1286 damnari
541 1247 757 1286 absentem
777 1247 1036 1287 consularem
1056 1247 1192 1286 virum
1215 1247 1412 1287 iniurium
1434 1262 1537 1294 esse,

186 1308 328 1349 cumis
349 1307 407 1348 rei
427 1307 620 1361 publicae
642 1322 769 1348 causa
782 1307 907 1347 absit:
934 1308 1006 1347 ubi
1027 1323 1079 1348 ex
1092 1308 1345 1348 Macedonia
1363 1309 1538 1349 redisset
1565 1322 1583 1350 6

187 1369 237 1412 C.
265 1369 456 1418 Cassius,
484 1377 591 1417 tum,
618 1369 652 1409 si
678 1383 817 1409 coram
843 1384 939 1409 eum
964 1384 1141 1423 arguere
1166 1371 1340 1419 vellent,
1372 1371 1540 1424 cognita

185 1448 229 1474 re
250 1439 441 1472 senatum
466 1431 662 1471 daturum
682 1445 866 1485 operam,
892 1431 952 1471 uti
976 1431 1162 1471 satisfiat.
1200 1446 1277 1472 nec
1296 1432 1539 1486 responderi
1567 1446 1581 1473 7

187 1501 349 1534 tantum
374 1493 424 1533 iis
449 1492 663 1547 gentibus,
696 1493 768 1533 sed
792 1493 952 1547 legatos
978 1493 1104 1541 mitti,
1137 1492 1241 1533 duos
1268 1493 1321 1534 ad
1345 1494 1539 1548 regulum

185 1563 298 1596 trans
311 1555 447 1609 Alpis,
473 1562 554 1595 tres
581 1555 690 1595 circa
709 1569 779 1595 eos
805 1555 980 1609 populos
1003 1555 1172 1609 placuit,
1198 1555 1270 1607 qui
1295 1555 1539 1603 indicarent,

185 1633 293 1672 quae
329 1625 496 1672 patrum
528 1617 733 1658 sententia
770 1625 891 1658 esset.
962 1633 1137 1658 munera
1167 1617 1275 1657 mitti
1305 1618 1454 1672 legatis
1487 1633 1539 1658 ex
1564 1632 1582 1659 s

186 1680 294 1720 binis
319 1679 486 1720 milibus
519 1679 624 1720 aeris
655 1687 926 1721 censuerunt:
960 1680 1124 1720 duobus
1158 1679 1357 1720 fratribus
1383 1681 1539 1735 regulis

185 1742 287 1783 haec
311 1742 551 1797 praecipua,
577 1749 746 1795 torques
773 1742 855 1782 duo
881 1758 932 1784 ex
950 1742 1134 1795 quinque
1160 1742 1299 1796 pondo
1326 1743 1416 1782 auri
1440 1742 1537 1783 facti

185 1812 226 1845 et
249 1819 350 1844 vasa
380 1811 579 1858 argentea
609 1804 794 1857 quinque
827 1820 879 1846 ex
909 1804 1058 1859 viginti
1087 1804 1226 1859 pondo
1260 1811 1300 1845 et
1330 1804 1413 1845 duo
1444 1805 1537 1858 equi

184 1865 387 1920 phalerati
418 1880 513 1905 cum
544 1866 796 1919 agasonibus
828 1874 869 1907 et
906 1867 1113 1920 equestria
1149 1881 1265 1907 arma
1295 1881 1344 1907 ac
1378 1867 1538 1921 sagula,

185 1934 226 1968 et
257 1927 477 1967 comitibus
508 1941 653 1967 eorum
687 1928 936 1968 vestimenta
971 1929 1112 1969 liberis
1149 1928 1375 1981 servisque.
1435 1928 1539 1969 haec
1565 1938 1582 1967 9

184 1988 330 2036 missa3
372 1987 443 2028 illa
479 1988 717 2041 petentibus
756 1989 875 2037 data,
919 1996 966 2029 ut
1005 1989 1208 2030 denorum
1245 2003 1448 2042 equorum
1488 1989 1538 2030 iis

185 2049 481 2091 commercium
512 2058 621 2091 esset
650 2051 938 2104 educendique
964 2067 1016 2092 ex
1040 2051 1164 2091 Italia
1193 2057 1377 2105 potestas
1408 2052 1537 2092 fieret.

184 2112 312 2167 legati
337 2127 432 2153 cum
456 2111 590 2153 Gallis
616 2112 731 2152 missi
754 2120 868 2153 trans
893 2113 1016 2167 Alpis
1039 2111 1089 2153 C.
1104 2113 1290 2161 Laelius,
1315 2113 1378 2153 M.
1392 2113 1538 2154 Aemi·
1566 2125 1606 2152 io

185 2174 264 2214 lius
289 2173 501 2227 Lepidus,
535 2173 587 2214 ad
618 2181 775 2214 ceteros
809 2175 986 2228 populos
1013 2172 1093 2214 Cn.
1122 2173 1325 2224 Sicinius,
1354 2174 1407 2215 P.
1434 2173 1538 2216 Cor-

184 2235 318 2276 nelius
342 2236 499 2283 Blasio,
526 2236 576 2276 T.
602 2235 843 2277 Blemmius.

270 2297 347 2339 VI.
385 2297 619 2338 Multarum
654 2298 777 2338 simul
817 2297 1023 2340 Graeciae
1054 2298 1269 2351 Asiaeque
1306 2298 1535 2340 civitatium
1564 2312 1578 2340 1

185 2359 311 2413 legati
325 2359 504 2400 Romam
524 2368 820 2401 convenerunt.
858 2360 983 2414 primi
996 2360 1277 2402 Athenienses
1298 2361 1533 2402 introducti.

184 2422 213 2461 ii
237 2436 281 2462 se
306 2421 419 2474 quod
443 2422 613 2462 navium
637 2421 859 2463 habuerint
883 2423 1146 2476 militumque
1170 2422 1222 2463 P.
1247 2422 1412 2464 Licinio
1438 2438 1536 2464 con-

186 2484 263 2524 suli
289 2491 329 2524 et
354 2482 403 2523 C.
430 2483 628 2524 Lucretio
657 2485 837 2538 praetori
860 2485 1022 2526 misisse
1048 2492 1350 2539 exposuerunt,
1383 2486 1534 2539 quibus

185 2560 255 2586 eos
279 2559 362 2585 non
381 2559 478 2585 usos
498 2545 696 2586 frumenti
716 2546 794 2586 sibi
814 2554 980 2587 centum
1006 2547 1120 2587 milia
1145 2547 1386 2601 imperasse,
1406 2548 1532 2600 quod,
1558 2562 1575 2589 3

185 2622 438 2661 quamquam
453 2607 634 2649 sterilem
653 2615 806 2649 terram
821 2616 982 2650 ararent
1002 2609 1198 2664 ipsosque
1219 2609 1343 2650 etiam
1358 2610 1531 2664 agrestis

1569 395 1586 423 [ὑ

1562 2374 1580 2402 [ὗ
