1804 2926
479 141 631 175 LIssER
656 139 884 183 XXXXHI,
911 139 942 171 9.
964 138 1017 172 10.
1044 140 1095 179 [a.
1110 136 1150 171 C.
1166 137 1247 179 170]
1487 127 1541 167 95

192 248 367 289 militum
403 245 446 285 in
483 259 552 285 eas
589 258 716 283 naves
754 249 851 282 sunt
886 240 1083 295 inposita,
1121 254 1228 292 quae
1264 239 1328 279 M.
1362 238 1543 280 Raecius

191 315 355 363 praetor
391 322 442 347 ex
480 312 647 346 senatus
685 304 874 344 consulto
911 303 955 342 in
992 317 1041 342 ea
1078 310 1195 356 parte
1232 301 1398 349 Italiae,
1436 314 1543 353 quac

191 370 353 410 obiecta
383 367 550 421 Illyrico
588 373 670 414 est,
708 364 953 419 conscripsit
976 388 1051 412 —,
1085 371 1125 404 et
1162 364 1306 403 consul
1336 361 1543 402 Hostilius

190 430 379 485 Appium
407 428 633 470 Claudium
664 428 707 467 in
739 427 953 481 Illyricum
986 424 1123 480 [cum]
1151 434 1346 478 quattuor
1376 423 1544 464 milibus

190 492 375 546 peditum
402 491 525 538 misit,
551 498 595 529 ut
623 489 785 529 accolas
805 487 962 541 Illyrici
988 495 1202 527 tutaretur.
1242 486 1314 539 qui
1338 500 1422 525 non
1447 498 1545 524 con-
1572 500 1586 527 .-

191 561 327 593 tentus
353 555 400 600 is,
428 567 532 605 quas
559 551 789 591 adduxerat
816 549 965 603 copiis,
992 549 1148 588 auxilia
1173 549 1225 589 ab
1252 547 1373 587 sociis
1399 559 1544 586 conro-

190 614 328 669 gando
355 615 409 654 ad
435 622 526 654 octo
552 613 666 652 milia
690 612 906 652 hominum
933 611 1047 651 vario
1072 626 1225 665 genere
1251 609 1427 650 armavit
1452 623 1545 662 per-

191 684 419 731 agrataque
444 675 557 716 omni
583 690 632 715 ea
656 675 826 729 regione
853 674 905 714 ad
921 673 1191 727 Lychnidum
1205 671 1543 713 Dassaretiorum

192 738 390 779 consedit.

275 800 335 840 X.
372 799 503 840 Haud
539 799 685 853 procul
720 799 816 840 inde
847 798 1020 840 Uscana
1051 798 1250 854 oppidum
1282 796 1427 836 finium
1458 795 1545 849 ple-

191 877 367 916 rumque
403 862 550 902 Persei
587 869 687 902 erat.
761 862 906 902 decem
942 862 1057 902 milia
1093 861 1247 902 civium
1287 859 1471 899 habebat
1507 867 1547 897 et

192 924 403 964 modicum
436 923 648 964 custodiae
674 939 801 965 causa
827 923 1094 965 Cretensium
1123 922 1390 977 praesidium.
1450 920 1545 960 inde

193 985 327 1026 nuntii
352 985 405 1026 ad
431 984 658 1026 Claudium
685 985 837 1026 occulti
868 986 1111 1027 veniebant:
1150 985 1184 1025 si
1209 983 1380 1038 propius
1407 982 1547 1036 copias

194 1047 459 1095 admovisset,
486 1054 653 1101 paratos
678 1047 767 1088 fore
792 1047 864 1100 qui
889 1048 1111 1102 proderent
1138 1047 1304 1095 urbem3
1332 1052 1372 1086 et
1397 1058 1547 1099 operae

193 1109 373 1163 pretium
399 1123 508 1149 esse:
542 1123 626 1149 non
652 1124 694 1150 se
720 1109 960 1163 amicosque
986 1116 1167 1157 tantum,
1193 1108 1267 1149 sed
1292 1107 1416 1148 etiam
1440 1105 1547 1146 mili-

194 1180 255 1211 tes
278 1170 434 1225 praeda
459 1171 735 1224 expleturum.
773 1186 866 1225 spes
893 1171 1111 1225 cupiditati
1135 1170 1303 1211 admota
1327 1169 1385 1210 ita
1404 1182 1548 1209 occae-

194 1233 304 1273 cavit
340 1232 545 1281 animum,
582 1240 627 1272 ut
663 1248 741 1274 nec
767 1231 860 1287 [ex]
886 1235 920 1273 is
952 1233 1024 1286 qui
1056 1239 1257 1273 venerant
1293 1245 1546 1285 quemquam

194 1294 388 1335 retineret
407 1308 484 1334 nec
504 1294 683 1348 opsides,
709 1294 862 1348 pignus
888 1294 1049 1334 futuros
1071 1294 1184 1334 afore
1211 1294 1402 1334 fraudem
1422 1307 1549 1346 agen-

195 1356 272 1396 dae
308 1356 388 1405 rei,
423 1363 634 1409 posceret,
677 1371 755 1396 nee
794 1356 974 1397 mitteret
1012 1356 1275 1410 exploratum
1310 1369 1387 1395 1100
1423 1354 1547 1395 fidem

194 1417 411 1471 acciperet.
449 1417 514 1458 die
540 1426 702 1457 tantum
728 1424 883 1458 statuta.
907 1417 1121 1472 profectus
1147 1416 1420 1471 aLychnido,
1447 1416 1550 1455 duo-

194 1478 330 1520 decim
360 1478 473 1519 milia
505 1478 558 1518 ab
589 1478 713 1527 urbe,
751 1479 805 1519 ad
835 1493 962 1532 quam
988 1479 1204 1527 tendebat,
1236 1478 1373 1532 posuit
1401 1485 1548 1517 castra.

194 1549 342 1593 quarta
366 1540 462 1582 inde
482 1541 626 1595 vigilia
647 1541 767 1595 signa
786 1541 915 1582 movit
938 1542 1049 1582 mille
1070 1541 1201 1582 ferme
1222 1540 1275 1581 ad
1295 1540 1547 1595 praesidium

195 1609 424 1643 castrorum
449 1603 615 1644 relictis.
675 1603 947 1658 inconpositi,
978 1603 1104 1657 longo
1130 1603 1296 1657 agmine
1323 1601 1463 1650 effusi,
1489 1601 1552 1641 111-

195 1665 452 1718 frequentes,
490 1679 586 1706 cum
621 1673 850 1706 nocturnus
888 1680 1002 1706 error
1038 1665 1277 1719 dissiparet,
1314 1665 1368 1704 ad
1403 1664 1550 1704 urbem

194 1735 485 1780 pervenerunt.
565 1728 695 1768 crevit
743 1728 1024 1782 neclegentia,
1072 1736 1295 1782 postquam
1342 1726 1551 1766 neminem

196 1796 403 1828 armatum
433 1789 475 1829 in
507 1789 634 1829 muris
667 1789 873 1830 viderunt.
935 1797 1120 1830 ceterum
1158 1788 1229 1828 ubi
1261 1788 1442 1842 primum
1473 1787 1551 1828 sub

196 1850 281 1890 ictu
306 1850 376 1890 teli
401 1850 589 1898 fuerunt,
623 1851 786 1891 duabus
819 1851 940 1891 simul
972 1851 1102 1905 portis
1129 1851 1372 1905 erumpitur.
1433 1858 1474 1890 et
1500 1849 1552 1889 ad

198 1912 422 1952 clamorem
442 1913 749 1966 erumpentium
762 1913 908 1967 ingens
924 1913 1120 1966 strepitus
1142 1928 1163 1954 0
1184 1912 1312 1952 muris
1333 1920 1446 1952 ortus
1461 1912 1553 1951 ulu-

197 1973 373 2014 lantium
393 1973 612 2016 mulierum
633 1989 728 2015 cum
748 1975 907 2028 crepitu
928 1975 1112 2027 undique
1134 1974 1252 2021 aeris,
1280 1983 1316 2014 et
1342 1973 1551 2013 incondita

198 2035 421 2075 multitudo
447 2035 571 2076 turba
595 2036 769 2076 inmixta
789 2036 927 2076 servili
946 2036 1071 2076 variis
1092 2036 1263 2075 vocibus
1289 2034 1552 2088 personabat.

198 2097 266 2137 hic
291 2104 375 2137 tam
401 2097 618 2151 multiplex
644 2098 830 2150 undique
855 2097 1042 2138 obiectus
1068 2105 1199 2138 terror
1224 2096 1382 2144 effecit,
1407 2111 1459 2136 110
1486 2111 1555 2135 su-

200 2159 352 2200 stinere
395 2159 571 2213 primam
616 2160 845 2214 procellam
883 2159 1111 2213 eruptionis
1148 2157 1329 2199 Romani
1370 2165 1552 2212 possent.

200 2221 341 2274 itaque
366 2220 574 2275 fugientes
599 2222 739 2275 plures
765 2235 893 2274 quam
916 2228 1153 2275 pugnantes
1178 2219 1416 2273 interempti
1441 2229 1554 2267 sunt3

201 2282 272 2321 vix
297 2282 379 2322 duo
405 2283 518 2323 milia
542 2282 757 2323 hominum
783 2298 878 2323 cum
901 2283 992 2336 ipso
1016 2282 1155 2337 legato
1181 2282 1224 2322 in
1249 2288 1383 2322 castra
1414 2280 1556 2335 perfu-

202 2352 365 2398 gerunt.
427 2359 509 2397 quo
534 2345 700 2399 longius
727 2345 805 2386 iter
829 2345 872 2385 in
897 2352 1031 2386 castra
1055 2352 1162 2392 erat,
1195 2358 1243 2385 eo
1267 2343 1398 2398 pluris
1423 2343 1555 2384 fessos

204 2407 471 2447 consectandi
502 2407 691 2448 hostibus
724 2407 844 2462 copia
873 2406 965 2447 fuit.
1025 2422 1077 2447 ne
1109 2414 1293 2447 moratus
1319 2405 1488 2458 quidem
1513 2405 1556 2444 in

205 2469 349 2510 castris
374 2469 562 2524 Appius,
600 2477 647 2510 ut
677 2484 773 2510 suos
799 2468 1020 2522 dissipatos
1052 2468 1156 2523 fuga
1180 2468 1412 2522 colligeret,
1449 2481 1556 2520 quae

204 2546 270 2572 res
295 2531 444 2586 palatis
475 2546 548 2586 per
573 2546 696 2586 agros
723 2531 845 2571 saluti
877 2531 1043 2580 fuisset,
1081 2531 1134 2572 ad
1159 2529 1429 2585 Lychnidum
1461 2543 1557 2584 pro-

206 2594 316 2635 tinus
342 2593 536 2647 reliquias
562 2594 689 2634 cladis
714 2593 890 2634 reduxit.

1574 932 1591 960 [ὑ

1581 2106 1597 2135 13
