1804 2926
235 289 250 318 1

234 351 252 380 2

234 536 252 565 3

232 661 252 690 4

280 159 332 202 76
585 168 738 203 Lnffln
763 167 972 212 ΧΧΧΧΠ,
998 168 1050 202 57.
1080 169 1128 211 [a.
1143 178 1176 201 u.
1192 177 1220 201 e.
1241 166 1323 211 583]

364 272 505 315 LVII.
544 271 636 313 Sub
667 271 778 312 idem
804 272 953 313 deinde
984 280 1147 326 tempus
1175 270 1392 312 eonsilium
1419 278 1459 313 et
1490 272 1633 314 consul

280 343 317 377 et
339 350 412 376 rex
431 334 680 383 habuerunt,
695 335 806 376 unde
829 335 981 375 bellum
1004 335 1250 375 ordirentur.
1289 336 1399 389 regis
1420 342 1633 376 creverant

278 397 405 439 animi
430 397 662 438 vastatione
686 411 885 438 concessa
904 397 982 437 sibi
1008 397 1061 437 ab
1087 397 1204 438 hoste
1218 396 1398 438 Pheraei
1425 396 1533 451 agri3
1558 397 1636 437 ita-

277 475 359 514 que
389 460 574 501 eundum
607 459 702 500 inde
733 459 787 500 ad
817 469 952 500 castra
982 473 1059 501 1100
1091 459 1277 500 dandum
1308 460 1416 500 ultra
1453 460 1635 514 spatium

279 522 501 563 cunctandi
527 521 766 563 censebant.
804 529 845 562 et
869 522 1049 563 Romani
1075 522 1299 563 censebant
1327 521 1636 564 cunctationem

278 600 397 625 suam
422 583 622 624 infamem
643 590 743 637 aput
764 583 897 624 socios
918 599 1022 632 esse,
1047 599 1244 625 maxume
1270 584 1440 638 indigne
1466 583 1636 625 ferentis

277 661 361 687 non
385 646 512 689 latam
537 644 739 686 Pheraeis
765 660 901 699 opem.
962 647 1309 695 consultantibus,
1335 646 1437 699 quid
1463 652 1636 700 agerent

276 732 333 738 -—
353 708 523 749 aderant
551 715 689 748 autem
714 706 929 749 Eumenes
954 716 995 748 et
1020 708 1190 749 Attalus
1216 708 1258 748 in
1284 708 1459 749 coneilio
1478 731 1536 736 —
1554 714 1636 748 tre-

277 770 400 825 pidus
426 770 596 810 nuntius
615 769 764 819 adfert,
791 769 953 813 hostem
973 784 1127 824 magno
1148 770 1314 824 agmine
1335 771 1493 811 adesse.
1538 784 1636 811 con-

277 832 368 873 silio
394 832 564 872 dimisso
598 832 765 886 signum
796 832 1005 886 extemplo
1038 832 1182 880 datur,
1218 833 1279 872 uti
1309 848 1425 874 arma
1456 833 1634 887 capiant.

232 911 250 938 ,3
278 894 441 934 1111011111
473 894 610 947 placet
634 908 687 934 ex
711 896 821 947 regis
849 893 1013 934 auxiliis
1040 902 1208 934 centum
1233 894 1394 946 equites
1420 902 1459 934 et
1491 909 1634 948 parem

215 1964 253 1993 10

215 2273 251 2302 11

276 970 497 996 nnmerum
533 955 810 995 iaculatorum
846 955 1035 1009 peditum
1073 955 1198 996 exire.
1271 956 1453 997 Perseus
1491 954 1634 1010 [hora]

277 1018 407 1059 ferme
433 1017 515 1058 diei
540 1026 702 1070 quarta,
730 1032 825 1058 011111
850 1017 975 1071 paulo
994 1017 1088 1071 plus
1115 1017 1226 1058 mille
1251 1032 1399 1071 passus
1421 1018 1585 1059 abesset
1611 1033 1636 1058 a

277 1080 422 1121 castris
448 1079 672 1128 Romanis,
705 1079 930 1120 consistere
957 1079 1077 1133 signa
1109 1079 1299 1133 peditum
1324 1080 1456 1120 iussit.
1516 1095 1636 1134 prac-

275 1157 445 1196 gressus
466 1141 555 1196 ipse
577 1150 673 1182 cum
694 1137 904 1195 equitibus
926 1156 974 1182 ac
994 1141 1077 1183 levi
1095 1150 1318 1190 armatura,
1334 1150 1374 1183 01
1389 1140 1520 1196 Cotys
1540 1157 1637 1183 cum

277 1219 325 1245 eo
366 1204 578 1257 ducesque
615 1204 791 1244 aliorum
823 1204 1073 1244 auxiliorum
1109 1212 1438 1258 praecesserunt.
1498 1205 1636 1245 minus

276 1266 527 1321 quingentos
557 1281 706 1320 passus
739 1267 793 1307 ab
819 1266 965 1307 castris
990 1266 1184 1316 aberant,
1222 1281 1317 1308 cum
1341 1267 1384 1307 in
1409 1276 1637 1322 conspectu

277 1328 393 1369 fuere
424 1328 608 1368 hostium
639 1329 819 1382 equites3
859 1329 967 1370 duae
997 1329 1087 1370 alae
1113 1336 1230 1370 erant
1261 1344 1416 1384 magna
1442 1344 1493 1370 ex
1517 1337 1635 1384 parte

278 1389 518 1439 Gallorum,
546 1389 822 1445 Cassignatus
848 1398 1058 1446 praeerat,
1085 1398 1126 1432 01
1150 1391 1253 1432 levis
1279 1400 1514 1433 armaturae
1540 1406 1637 1433 een-

278 1460 366 1492 tum
392 1452 479 1493 sere
511 1459 551 1493 et
581 1453 887 1507 quinquaginta
911 1453 1027 1507 Mysi
1059 1461 1131 1493 aut
1157 1451 1392 1494 Cretenses.
1453 1453 1636 1495 constitit

277 1529 351 1555 rex
375 1514 571 1563 incertus,
597 1522 753 1567 quanta
773 1522 882 1555 esset
897 1514 1099 1569 [hostium
1120 1514 1380 1569 multitudo]
1413 1515 1516 1556 duas
1538 1515 1634 1556 inde

279 1591 330 1616 ex
357 1576 524 1630 agmine
549 1584 706 1616 turmas
723 1576 947 1624 Threcum,
974 1577 1078 1617 duas
1092 1577 1379 1617 Blacedonum
1405 1592 1501 1618 011111
1526 1578 1633 1618 binis

280 1636 545 1679 Cretensium
571 1637 810 1679 cohortibus
837 1645 876 1680 et
900 1638 1111 1680 Threcum
1136 1639 1259 1679 misit.
1298 1639 1513 1693 proelium,
1539 1655 1636 1680 cum

277 1715 399 1754 pares
435 1715 609 1741 numero
643 1708 781 1741 essent
810 1715 946 1754 neque
978 1701 1030 1741 ab
1063 1701 1143 1741 hac
1176 1709 1247 1742 aut
1277 1701 1348 1742 illa
1378 1710 1495 1756 parte
1526 1717 1636 1743 nova

279 1763 433 1804 auxilia
453 1763 736 1812 subvenirent,
762 1763 920 1804 incerta
941 1764 1115 1804 victoria
1134 1764 1297 1804 finitum
1317 1773 1391 1805 est.
1430 1764 1634 1806 Eumenis
1683 1784 1689 1792 *

278 1826 410 1867 ferme
435 1826 606 1881 triginta
630 1826 849 1875 interfecti,
875 1826 983 1868 inter
1007 1840 1111 1879 quos
1129 1825 1404 1881 Cassignatus
1431 1828 1517 1868 dux
1533 1826 1637 1869 Gal-

277 1889 413 1928 lorum
451 1888 611 1929 cecidit.
679 1896 719 1929 et
755 1896 855 1929 tunc
892 1888 1062 1941 quidem
1098 1889 1280 1929 Perseus
1317 1889 1371 1929 ad
1409 1888 1635 1930 Sucurium

279 1950 420 2004 copias
445 1950 623 1991 reduxit.
672 1958 838 2005 postero
866 1951 932 1991 die
958 1951 1068 1991 circa
1094 1951 1271 1992 eandem
1295 1951 1441 1992 horam
1465 1952 1508 1993 in
1533 1967 1634 1993 eun-

279 2012 375 2053 dem
410 2012 549 2052 locum
579 2027 653 2053 rex
685 2013 825 2066 copias
858 2012 1042 2053 admovit
1074 2013 1270 2067 plaustris
1303 2027 1399 2054 cum
1430 2028 1540 2067 aqua
1571 2028 1636 2054 se·-

278 2074 501 2127 quentibus
511 2091 520 2123 3
556 2090 655 2115 nam
687 2074 908 2115 duodecim
939 2075 1100 2115 milium
1130 2090 1332 2129 passuum
1364 2074 1471 2130 [via]
1498 2075 1632 2115 omnis

279 2136 367 2176 sine
399 2150 509 2189 aqua
539 2144 579 2177 et
610 2137 779 2191 plurimi
809 2137 993 2191 pulveris
1026 2144 1133 2186 erat,
1173 2137 1445 2190 adfectosque
1478 2137 1564 2186 siti,
1601 2139 1636 2178 si

278 2197 413 2251 primo
439 2198 482 2238 in
507 2207 733 2252 conspectu
758 2197 1040 2247 dimicassent,
1066 2206 1325 2253 pugnaturos
1351 2199 1481 2240 fuisse
1506 2214 1637 2254 appa—

278 2260 409 2299 rebat.
483 2275 578 2300 cum
615 2261 796 2301 Romani
834 2261 1046 2314 quiessent
1082 2261 1340 2305 stationibus,
1368 2262 1492 2302 etiam
1528 2262 1637 2302 intra

279 2321 437 2361 vallum
462 2322 657 2371 reductis,
684 2325 773 2377 regi
798 2337 965 2376 quoque
990 2323 1034 2364 in
1059 2331 1196 2364 castra
1219 2324 1408 2365 redeunt.
1458 2323 1537 2365 hoc
1561 2338 1636 2378 per

280 2382 438 2434 aliquot
468 2383 555 2424 dies
586 2384 793 2433 fecerunt,
831 2392 1046 2439 sperantes
1078 2385 1167 2426 fore
1193 2394 1239 2426 ut
1263 2386 1444 2427 Romani
1474 2386 1634 2440 equites

281 2443 524 2484 abeuntium
555 2445 828 2486 novissimum
854 2462 1007 2501 agmen
1039 2448 1385 2502 adgrederentur:
1424 2448 1521 2489 inde
1546 2462 1635 2488 001-

280 2506 433 2546 tamine
459 2517 547 2547 0110
568 2506 705 2562 [cum]
725 2509 891 2563 longius
911 2525 935 2550 a
956 2510 1101 2550 castris
1123 2525 1192 2552 cos
1219 2511 1470 2560 clieuissent,
1495 2511 1631 2558 facilc,

283 2567 426 2608 ubiubi
452 2576 602 2617 essent,
628 2584 686 2617 se,
711 2570 781 2622 qui
807 2571 994 2623 equitatu
1019 2583 1058 2613 et
1084 2572 1165 2613 levi
1187 2581 1397 2613 armatura
1419 2573 1514 2627 plus
1539 2586 1634 2627 pos-

281 2637 384 2678 sent,
410 2644 682 2672 eonversuros
707 2631 851 2672 aciem.
