1804 2926
232 147 311 188 116
483 155 635 189 LIBER
662 153 908 196 xxxxuu,
935 153 966 185 9.
992 152 1042 185 10.
1069 152 1314 194 mactes]

187 274 203 302 9
231 259 493 300 scenderunt.
554 257 596 296 id
626 264 787 296 tantum
813 256 1010 296 dissimile
1043 254 1139 303 fuit,
1171 255 1283 307 quod
1309 262 1349 295 et
1374 254 1415 294 in
1446 253 1580 295 fronte

231 320 403 361 extremi
435 327 472 359 et
504 334 553 359 ex
584 318 781 358 lateribus
814 318 888 358 soli
920 332 1003 357 11011
1040 317 1252 357 habebant
1289 331 1413 371 super
1444 316 1581 370 capita

231 383 338 423 elata
364 388 500 429 scuta,
531 395 583 420 110
608 380 813 419 nudarent
839 394 1025 433 corpora,
1052 379 1124 419 sed
1150 385 1366 432 praetenta
1390 393 1582 432 pugnan-

230 444 333 484 tium
363 458 490 483 more.
550 442 607 482 ita
632 456 708 481 1100
739 441 849 494 ipsos
883 441 963 481 tela
988 456 1037 481 ex
1064 455 1182 480 muro
1207 440 1334 482 missa
1367 439 1582 480 subeuntis

229 507 458 553 laeserunt,
490 510 528 544 et
562 503 757 543 testudini
790 502 940 543 iniecta
970 502 1112 542 imbris
1148 502 1188 542 in
1220 502 1392 541 modum
1422 501 1581 542 lubrico

168 580 205 609 10
231 567 397 620 fastigio
429 565 598 606 innoxia
632 565 684 604 ad
721 564 851 604 imum
886 563 1147 604 labebantur.
1209 571 1246 604 et
1286 563 1430 604 consul
1461 570 1582 617 capto

229 630 311 669 iam
338 628 545 669 Heracleo
572 634 707 667 castra
733 640 780 666 eo
807 625 1033 679 promovit,
1060 634 1272 678 tamquam
1300 625 1431 665 Dium
1458 632 1581 677 atque

168 705 201 732 11
230 691 326 731 inde
352 700 560 730 summoto
587 703 684 742 rege
716 688 758 727 in
782 687 966 727 Pieriam
992 688 1117 728 etiam
1150 701 1459 740 progressurus
1510 686 1582 726 sed

230 752 403 792 hiberna
437 751 521 791 iam
557 765 809 804 praeparans
842 749 930 789 vias
963 749 1263 789 commeatibus
1302 747 1582 789 subvehendis

231 829 281 854 ex
296 812 514 854 Thessalia
534 812 683 851 muniri
705 811 833 856 iubet,
861 818 899 851 01
922 810 1018 863 eligi
1044 810 1200 850 horreis
1221 819 1455 864 opportuna
1479 810 1583 857 loca,

230 882 420 927 tectaque
458 873 687 921 aedificari,
725 873 798 912 ubi
835 872 1043 912 deversari
1082 879 1293 925 portantes
1328 879 1583 911 commeatus

229 945 410 989 possent.

187 1012 201 1039 1
314 997 373 1038 X.
410 997 592 1037 Perseus
611 995 780 1035 tandem
797 993 856 1049 [e]
881 1009 1035 1048 pavore
1058 1009 1106 1035 co
1127 1008 1209 1047 quo
1231 994 1429 1035 attonitus
1449 994 1585 1036 fuerat

228 1066 395 1113 recepto
416 1058 554 1099 animo
569 1057 691 1097 malle
713 1056 897 1111 imperiis
919 1056 1004 1096 suis
1024 1071 1107 1096 non
1128 1056 1460 1110 obtemperatum
1481 1072 1584 1105 esse,

229 1136 324 1162 eum
349 1120 561 1175 trepidans
586 1134 738 1173 gazam
763 1118 805 1159 in
825 1133 938 1159 mare
959 1119 1065 1160 deici
1077 1119 1235 1167 Pellae,
1262 1118 1585 1160 Thessalonicae

185 1196 203 1225 2
229 1183 394 1224 navalia
417 1183 595 1223 iusserat.
619 1181 797 1222 incendi.
835 1181 1106 1221 Andronicus
1121 1181 1463 1222 Thessalonicam
1488 1182 1587 1221 mis-

230 1261 299 1286 sus
326 1252 507 1285 traxerat
532 1251 709 1299 tempus,
736 1243 779 1284 id
804 1244 943 1297 ipsum
969 1244 1081 1296 quod
1107 1244 1276 1292 accidit,
1307 1243 1585 1297 paenitentiae

228 1307 467 1360 relinquens
491 1307 644 1347 locum.
681 1306 887 1346 incautior
911 1305 1053 1346 Nicias
1079 1305 1223 1347 Pellae
1250 1307 1488 1361 proiciendo
1514 1321 1586 1360 pe-

185 1381 203 1410 3
230 1369 377 1409 cuniae
413 1376 594 1422 partem,
639 1382 746 1421 quae
783 1368 917 1408 11101111
957 1366 1050 1422 [ad]
1088 1367 1300 1416 Phaeum3
1350 1368 1423 1408 sed
1463 1368 1505 1408 in
1542 1383 1585 1409 re

230 1430 480 1471 emendabili
512 1430 626 1470 visus
656 1430 799 1483 lapsus
826 1445 935 1478 0550,
967 1430 1079 1482 1111011
1105 1445 1179 1483 per
1204 1431 1434 1471 urinatores
1461 1444 1583 1470 omne

186 1505 204 1532 4
231 1492 361 1532 ferme
387 1498 619 1532 extractum
644 1499 718 1532 est.
781 1500 1003 1543 tantusque
1028 1492 1164 1544 pudor
1188 1492 1277 1545 regi
1303 1491 1468 1545 pavoris
1495 1491 1583 1532 eius

230 1553 321 1602 fuit,
347 1562 391 1593 ut
416 1553 646 1593 urinatores
673 1553 780 1593 clam
804 1553 979 1593 interfici
1004 1553 1182 1601 iusserit,
1209 1554 1357 1594 deinde
1372 1554 1585 1593 Androni-

231 1630 327 1655 cum
363 1629 530 1668 quoque
564 1623 604 1655 et
636 1614 805 1662 Nician,
842 1629 894 1655 ne
933 1614 1024 1666 quis
1061 1622 1145 1654 tam
1184 1615 1388 1655 dementis
1424 1616 1585 1670 imperii

189 1699 206 1717 ›
234 1677 424 1717 conscius
451 1677 658 1717 existeret.
704 1677 811 1716 inter
835 1676 938 1717 haec
965 1675 1015 1716 C.
1041 1676 1230 1718 Marcius
1256 1692 1350 1718 cum
1378 1678 1507 1718 classe
1534 1678 1586 1718 ab

232 1739 439 1780 Heracleo
454 1738 794 1780 Thessalonicam
808 1738 1019 1792 profectus
1041 1746 1078 1779 et
1095 1754 1241 1793 agrum
1261 1739 1450 1794 pluribus
1470 1740 1585 1785 locis,

231 1802 429 1856 expositis
454 1816 529 1856 per
552 1801 673 1841 litora
699 1801 888 1850 armatis,
920 1801 1001 1842 late
1027 1802 1205 1842 vastavit
1231 1811 1269 1842 01
1296 1812 1586 1855 procurrentes

231 1864 284 1903 ab
316 1863 419 1904 urbe
451 1864 644 1904 secundis
677 1864 832 1916 aliquot
865 1864 1031 1917 proeliis
1069 1864 1253 1917 trepidos
1284 1865 1392 1904 intra
1422 1865 1587 1905 moenia.

186 1936 204 1965 G
231 1926 429 1980 conpulit.
489 1926 656 1978 iamque
683 1926 761 1979 ipsi
787 1925 881 1965 urbi
905 1926 1099 1966 terribilis
1127 1935 1226 1973 erat,
1253 1940 1348 1967 011111
1374 1926 1583 1980 dispositis

230 1987 363 2027 omnis
399 1987 565 2042 generis
603 1987 816 2028 tormentis
860 2001 944 2027 non
986 1987 1084 2041 vagi
1120 1987 1244 2028 modo
1282 1987 1392 2028 circa
1432 2003 1587 2036 muros,

229 2056 385 2089 temere
411 2048 812 2102 adpropinquantes,
840 2049 913 2090 sed
939 2048 1065 2089 etiam
1089 2049 1160 2101 qui
1185 2049 1228 2089 in
1253 2049 1430 2090 navibus
1457 2058 1586 2097 erant,

186 2121 202 2149 7
232 2110 342 2151 saxis
386 2118 592 2151 tormento
637 2110 913 2151 emicantibus
957 2111 1311 2165 percutiebantur.
1383 2112 1587 2152 revocatis

232 2171 359 2225 igitur
383 2171 426 2212 in
458 2187 588 2213 naves
614 2172 815 2213 militibus
841 2172 1080 2225 omissaque
1106 2172 1430 2214 Thessalonicae
1456 2187 1589 2228 oppu-

231 2233 427 2287 gnatione
447 2234 630 2275 Aeniam
656 2234 754 2275 inde
778 2242 938 2289 petunt.
987 2234 1226 2288 quindecim
1251 2234 1365 2275 milia.
1390 2250 1589 2289 passuum

187 2305 206 2334 8
233 2310 281 2336 011
305 2295 404 2334 urbs
431 2295 563 2344 abest,
589 2296 789 2337 adversus
804 2296 1001 2350 Pydnam
1024 2297 1174 2351 posita,
1199 2296 1325 2337 fertili
1345 2311 1459 2351 agro.
1496 2312 1589 2351 per-

232 2356 403 2395 vastatis
418 2357 569 2397 finibus
586 2358 673 2398 eius
688 2359 874 2413 legentes
889 2373 1006 2399 oram
1020 2359 1306 2413 Antigoneam
1326 2359 1587 2413 perveniunt.

232 2416 291 2456 ibi
316 2418 472 2470 egressi
497 2418 538 2457 in
565 2426 716 2460 terram
741 2421 874 2474 primo
901 2429 941 2462 et
960 2429 1177 2463 vastarunt
1204 2437 1327 2476 agros
1353 2423 1521 2476 passim,
1548 2430 1587 2463 et

189 2490 206 2517 11
234 2477 492 2530 aliquantum
523 2480 702 2532 praedae
729 2483 993 2524 contulerunt
1018 2484 1071 2525 ad
1102 2499 1244 2525 naves.
1307 2484 1402 2525 dein
1427 2485 1588 2538 palatos

233 2553 303 2579 eos
324 2539 457 2579 adorti
478 2540 748 2590 Macedones,
775 2544 893 2585 mixti
918 2545 1078 2598 pedites
1099 2545 1358 2599 equitesque}
1378 2546 1587 2600 fugientes

235 2600 367 2641 effuse
393 2600 446 2641 ad
470 2617 583 2643 1111110
611 2605 817 2656 persecuti
843 2606 1096 2660 quingentos
1122 2608 1253 2648 ferme
1279 2607 1519 2648 occiderunt
1547 2618 1585 2647 et
