1804 2926
447 149 600 184 LIBER
623 148 872 189 XXXXIHI,
900 147 1025 180 17.18.
1054 150 1104 188 [a.
1117 158 1151 180 u.
1168 158 1198 180 ρ.
1215 147 1298 189 169]
1467 137 1547 178 123

199 254 450 296 Macedonia
475 252 634 293 consuli
659 251 809 304 cuique
835 249 1014 304 praetori
1034 250 1176 290 classis
1197 250 1403 291 evenisset
1423 249 1547 291 scire-

199 326 283 365 tur,
314 322 360 356 ut
384 315 466 355 iam
497 314 594 354 inde
619 313 849 368 cogitarent
874 320 1152 366 pararentque
1177 327 1284 366 quae
1316 312 1426 353 bello
1452 312 1546 352 usui

198 380 333 419 forent
357 384 633 429 senatumque
665 375 946 422 consulerent,
984 374 1018 415 si
1050 389 1133 428 qua
1161 373 1250 429 [de]
1283 390 1326 416 re
1357 374 1546 415 consulto

197 456 301 495 opus
327 447 453 482 esset:
479 439 675 486 Latinas,
701 438 773 478 ubi
799 437 1088 492 magistratum
1113 437 1304 486 inissent,
1335 437 1448 490 quod
1472 452 1546 491 per

195 502 414 556 religiones
450 507 609 555 posset,
646 500 780 554 primo
817 513 984 552 quoque
1022 506 1208 553 tempore
1243 499 1333 539 fieri
1367 499 1545 552 placere,

195 578 331 618 neque
357 562 570 604 consulem
596 562 662 602 cui
688 561 872 603 eundum
897 561 937 601 in
953 560 1248 602 Macedoniam
1268 568 1376 601 esset
1401 560 1545 601 teneri.

196 625 259 666 his
286 625 461 666 decretis
493 623 734 665 consulibus
758 623 882 663 Italia
913 630 953 663 et,
976 622 1247 671 Macedonia,
1284 621 1545 676 praetoribus

193 694 358 742 praeter
382 687 485 727 duas
510 685 814 726 iurisdictiones
839 685 882 726 in
906 685 1009 726 urbe
1035 685 1176 726 classis
1202 692 1243 726 et
1273 683 1481 738 Hispania
1506 690 1547 724 et

195 748 338 790 Sicilia
363 755 404 790 et
430 747 625 789 Sardinia
649 747 887 802 provinciae
912 747 1150 788 nominatae
1175 753 1283 787 sunt.
1327 746 1546 787 consulum

194 811 374 852 Aemilio
400 810 667 859 Macedonia,
692 809 858 850 Licinio
883 810 1006 850 Italia
1030 809 1180 851 evenit.
1227 816 1438 864 praetores
1465 807 1544 849 Cn.

193 872 378 913 Baebius
408 872 633 920 urbanam,
665 871 718 912 L.
745 871 922 912 Anicius
954 871 1219 926 peregrinam
1245 878 1285 912 et
1315 870 1349 911 si
1375 884 1456 923 quo
1482 885 1546 911 se-

193 942 314 975 natus
357 934 605 982 censuisset,
650 932 729 974 Cn.
768 932 973 974 Octavius
1016 934 1212 982 classem,
1255 932 1306 973 P.
1343 932 1545 973 Fonteius

194 997 462 1050 Hispaniam,
495 996 578 1051 [M.
605 996 816 1037 Aebutius
843 994 1071 1050 Siciliam,]
1104 994 1154 1036 C.
1179 995 1375 1050 Papirius
1401 994 1546 1036 Sardi-

193 1059 304 1099 niam
331 1066 392 1099 est
418 1059 598 1099 sortitus.

277 1119 451 1162 XVIII.
489 1120 713 1174 Extemplo
739 1120 932 1174 apparuit
957 1120 1150 1161 omnibus
1180 1134 1265 1160 non
1296 1119 1479 1174 segniter
1502 1119 1544 1159 id

195 1182 351 1223 bellum
376 1181 429 1222 L.
455 1182 687 1223 Aemilium
718 1189 954 1235 gesturum,
991 1189 1282 1235 praeterquam
1307 1182 1419 1235 quod
1444 1181 1545 1222 alias

193 1245 255 1284 vir
280 1251 380 1292 erat,
406 1243 529 1284 etiam
555 1244 667 1296 quod
687 1243 775 1283 dies
795 1250 1023 1296 noctesque
1043 1243 1225 1284 intentus
1245 1258 1295 1284 ea
1314 1243 1413 1291 sola,
1439 1257 1545 1296 quac

193 1306 246 1346 ad
270 1306 313 1346 id
337 1306 494 1346 bellum
518 1305 790 1360 pertinerent,
823 1305 961 1345 animo
994 1306 1192 1359 agitabat.
1251 1306 1334 1346 iam
1358 1306 1544 1346 omnium

192 1368 373 1422 primum
387 1383 412 1408 a
425 1375 571 1408 senatu
590 1366 707 1421 petit,
721 1374 767 1407 ut
787 1367 946 1420 legatos
962 1367 1004 1406 in
1018 1367 1315 1408 BIacedoniam
1335 1368 1546 1409 mitterent

192 1430 246 1470 ad
271 1429 476 1470 exercitus
507 1429 700 1469 visendos
733 1429 992 1482 classemque
1018 1436 1059 1469 et
1083 1436 1281 1483 conperta
1311 1429 1544 1479 referenda,

192 1491 291 1545 quid
328 1498 401 1531 aut
442 1490 706 1532 terrestribus
742 1497 815 1531 aut
857 1491 1076 1531 navalibus
1113 1490 1241 1545 copiis
1278 1505 1381 1545 opus
1417 1499 1544 1541 esset3

190 1560 405 1607 praeterea
428 1560 475 1593 ut
501 1553 765 1606 explorarent
789 1553 929 1607 copias
955 1552 1105 1607 regias,
1132 1562 1335 1606 quantum
1360 1562 1543 1607 possent,

191 1630 275 1669 qua
310 1614 524 1669 provincia
560 1622 720 1662 nostra,
763 1629 846 1668 qua
882 1615 1064 1655 hostium
1100 1615 1226 1664 foret3
1262 1623 1404 1656 utrum
1438 1616 1547 1657 intra

192 1678 320 1718 saltus
345 1684 481 1718 castra
506 1677 686 1717 Romani
711 1677 931 1726 haberent,
963 1693 1016 1718 an
1041 1677 1126 1718 iam
1152 1692 1296 1719 omnes
1327 1679 1545 1732 angustiae

192 1746 486 1793 exsuperatae,
520 1747 561 1780 et
591 1740 634 1780 in
664 1754 799 1793 aequa
828 1740 921 1781 loca
950 1740 1258 1794 pervenissent3
1295 1741 1367 1794 qui
1403 1741 1546 1782 fideles

191 1802 310 1842 nobis
335 1801 456 1849 socii,
494 1802 566 1854 qui
599 1802 700 1842 dubi
725 1817 1036 1856 suspensaeque
1062 1818 1113 1844 ex
1138 1802 1306 1844 fortuna
1329 1803 1443 1851 fidei,
1475 1804 1546 1856 qui

193 1863 293 1904 certi
317 1863 454 1903 hostes
479 1864 738 1913 viderentur3
770 1865 913 1917 quanti
938 1865 1175 1919 praeparati
1199 1873 1474 1914 commeatus,
1507 1874 1546 1906 et

193 1924 304 1965 unde
329 1924 511 1964 terrestri
536 1924 695 1973 itinere,
722 1926 832 1966 unde
857 1926 1036 1966 navibus
1056 1926 1401 1980 subportarentur
1410 1943 1420 1975 3
1445 1927 1547 1979 quid

193 2001 242 2026 ea
267 1992 422 2026 aestate
442 1992 551 2025 terra
571 1986 757 2038 marique
776 2002 917 2027 rerum
941 1995 1106 2041 gestum
1127 1996 1253 2028 esset:
1280 2003 1332 2028 ex
1356 1988 1418 2028 his
1440 1989 1546 2029 bene

193 2047 371 2101 cognitis
391 2055 504 2088 certa
523 2047 566 2087 in
591 2048 779 2088 futurum
799 2049 970 2089 consilia
990 2049 1082 2103 capi
1107 2064 1243 2103 posse.
1282 2058 1449 2091 senatus
1465 2049 1543 2091 Cn.

194 2108 370 2150 Servilio
410 2109 567 2149 consuli
604 2110 820 2163 negotium
853 2110 984 2157 dedit,
1022 2118 1069 2150 ut
1096 2111 1130 2151 is
1161 2111 1204 2151 in
1234 2107 1545 2161 Macedoniam,

192 2185 295 2223 quos
328 2171 380 2211 L.
407 2171 590 2211 Aemilio
623 2172 851 2220 videretur,
884 2172 1057 2225 legaret.
1130 2173 1257 2227 legati
1296 2173 1421 2214 biduo
1452 2182 1544 2228 post

192 2232 369 2286 profecti
396 2231 474 2273 Cn.
500 2232 712 2273 Domitius
739 2233 1069 2283 Ahenobarbus,
1095 2234 1150 2274 A.
1177 2235 1365 2276 Licinius
1391 2236 1546 2283 Nerva,

193 2294 245 2334 L.
272 2294 470 2335 Baebius.

278 2356 352 2395 Bis
383 2356 426 2396 in
458 2356 571 2396 exitu
597 2357 694 2397 anni
727 2357 813 2397 eius
838 2357 1069 2411 lapidatum
1095 2372 1184 2399 esse
1209 2359 1446 2400 nuntiatum
1471 2369 1545 2408 est,

193 2418 234 2457 in
249 2418 439 2458 Romano
466 2433 579 2472 agro,
607 2419 729 2459 simul
754 2419 797 2459 in
809 2419 989 2461 Veienti.
1027 2420 1088 2460 bis
1106 2421 1354 2462 novendiale
1380 2437 1545 2462 sacrum

194 2480 351 2520 factum
371 2488 445 2521 est.
483 2481 719 2524 sacerdotes
739 2497 787 2522 eo
808 2496 916 2522 anno
935 2482 1087 2522 mortui
1112 2491 1209 2523 sunt
1221 2483 1272 2524 P.
1289 2483 1543 2535 Quinctilius

194 2542 331 2583 Varus
368 2542 520 2584 flamen
557 2543 763 2584 Martialis
801 2551 841 2585 et
876 2544 939 2584 M.
972 2543 1175 2585 Claudius
1207 2545 1436 2587 Marcellus
1475 2546 1546 2587 de-

195 2604 368 2654 cemvir,
405 2604 446 2645 in
473 2605 589 2646 cuius
622 2605 758 2646 locum
786 2604 863 2646 Cn.
892 2605 1096 2647 Octavius
1122 2607 1335 2648 suffectus.
1397 2616 1435 2649 ct
1460 2608 1543 2648 iam

1571 1318 1590 1347 ιο

1571 1565 1589 1593 3

1571 2060 1590 2088 5

1572 2184 1589 2212 6

1571 2497 1587 2525 7

1569 2621 1588 2650 S
