1804 2926
494 147 646 182 LIBER
671 146 878 190 XXXXII,
906 146 961 179 24.
980 145 1263 188 25.[21.C.17·2]
1498 139 1547 178 47

202 262 245 294 ut
272 253 325 294 ad
349 250 667 305 disceptandum
692 248 880 290 veniant:
907 264 964 298 se,
992 247 1067 304 [si]
1089 248 1247 302 aliquid
1271 258 1442 304 possent
1460 250 1556 291 Ma-
1584 266 1598 293 7

202 315 373 356 sinissae
410 312 579 354 honoris
617 326 762 360 causa,
800 318 841 352 et
870 311 1020 353 fecisse
1051 319 1092 352 et
1123 312 1307 352 facturos
1345 327 1454 361 esse3
1491 313 1556 353 1115

200 377 359 431 gratiae
390 390 474 415 non
505 374 616 415 dare.
683 388 850 427 agrum,
888 388 972 427 qua
1007 374 1209 427 cuiusque
1247 374 1318 423 sit,
1354 374 1557 428 possideri
1583 392 1602 419 5

202 439 327 487 velle,
357 453 435 479 nec
464 451 595 477 novos
621 443 801 477 statuere
827 436 950 484 fines,
983 437 1057 477 sed
1081 445 1241 478 veteres
1267 436 1490 478 observare
1514 437 1557 477 in

202 500 339 541 animo
370 499 537 540 habere.
600 497 1020 551 Carthaginiensibus
1052 498 1173 539 victis
1205 514 1248 539 se
1274 506 1315 540 et
1345 498 1492 539 urbem
1518 506 1558 539 et
1583 514 1600 543 9

202 577 325 617 agros
351 561 619 610 concessisse,
643 575 725 601 non
751 568 799 600 ut
822 561 865 601 in
890 576 993 615 pace
1019 561 1226 615 eriperent
1251 576 1326 615 per
1350 560 1556 608 iniuriam,

202 639 310 678 quae
345 624 434 665 iure
470 624 569 664 belli
598 637 683 663 non
714 623 980 664 ademissent.
1046 623 1104 663 ita
1135 624 1305 677 regulus
1338 621 1560 678 Carthagi·
1588 638 1626 665 10

201 687 448 739 niensesque
481 685 652 725 dimissi.
712 700 886 726 munera
924 700 976 726 ex
1010 685 1201 726 instituto
1237 685 1335 726 data
1371 685 1557 739 utrisque

203 748 365 802 aliaque
390 748 611 802 hospitalia
637 748 810 788 comiter
835 756 1093 789 conservata.

286 810 438 852 XXV.
478 809 569 851 Sub
600 810 711 850 idem
736 818 901 864 tempus
930 808 1008 850 Cn.
1037 809 1240 851 Servilius
1268 808 1448 864 Caepio,
1472 811 1557 864 Ap.
1588 824 1600 851 1

204 872 408 914 Claudius
436 871 622 920 Centho,
648 872 698 912 T.
725 872 892 913 Annius
919 872 1086 913 Luscus
1118 872 1248 926 legati
1273 872 1326 912 ad
1350 888 1415 914 res
1440 888 1559 928 repe-

204 935 349 976 tendas
379 935 422 975 in
452 934 750 976 illacedoniam
780 935 1186 987 renuntiandamque
1221 935 1445 975 amicitiam
1470 935 1560 990 regi

204 996 319 1037 missi
343 995 567 1045 redierunt,
592 996 664 1050 qui
688 997 771 1036 iam
790 1012 865 1037 sua
888 1004 1034 1051 sponte
1056 996 1256 1037 infestum
1269 996 1415 1038 Persei
1440 1012 1559 1038 sena—

205 1068 293 1099 tum
334 1058 504 1113 insuper
541 1058 821 1099 accenderunt
855 1059 996 1099 relatis
1033 1058 1176 1099 ordine
1215 1073 1323 1112 quae
1359 1059 1559 1100 vidissent

204 1135 395 1174 quaeque
421 1121 651 1162 audissent:
683 1121 836 1161 vidisse
863 1136 906 1161 se
938 1136 1014 1175 per
1039 1135 1181 1161 omnes
1207 1120 1332 1162 urbes
1357 1121 1559 1163 BIacedo-

204 1199 305 1223 num
330 1198 492 1224 summa
517 1183 557 1223 vi
588 1183 726 1237 parari
758 1183 925 1224 bellum.
976 1198 1071 1224 011111
1096 1183 1150 1223 ad
1180 1198 1323 1237 regem
1347 1184 1560 1238 pervenis-
1585 1197 1603 1224 :3

205 1252 315 1293 sent,
352 1260 426 1299 per
461 1245 613 1284 multos
651 1245 739 1285 dies
771 1244 1046 1285 conveniendi
1079 1245 1166 1285 eius
1199 1252 1447 1299 potestatem
1476 1261 1560 1287 non

204 1307 356 1347 factam
367 1322 376 1354 3
408 1316 617 1360 postremo
650 1321 745 1347 cum
771 1307 990 1361 desperato
1022 1306 1105 1347 iam
1131 1308 1351 1361 conloquio
1383 1309 1559 1363 profecti

205 1377 360 1417 essent,
398 1376 487 1409 tum
525 1369 693 1410 demum
725 1384 768 1410 50
801 1384 852 1410 ex
882 1370 1029 1410 itinere
1059 1377 1275 1411 revocatos
1308 1378 1348 1411 et
1378 1372 1432 1411 ad
1464 1386 1560 1412 eum

205 1431 460 1472 introductos
486 1445 589 1472 esse.
650 1446 750 1472 suae
784 1432 981 1472 orationis
1014 1447 1220 1472 summam
1251 1432 1393 1479 fuisse,
1411 1433 1559 1474 foedus
1586 1446 1604 1473 4

205 1507 299 1533 cum
313 1493 510 1547 Philippo
530 1493 660 1534 ictum
681 1509 784 1543 esse,
812 1509 908 1535 cum
932 1494 1023 1548 ipso
1044 1509 1093 1535 eo
1118 1502 1212 1548 post
1231 1503 1408 1535 mortem
1432 1496 1560 1549 patris

203 1563 461 1605 renovatum,
487 1555 530 1596 in
549 1570 632 1609 quo
653 1556 805 1597 diserte
830 1556 1042 1611 prohib-eri
1064 1571 1160 1597 011111
1181 1564 1299 1597 extra
1322 1557 1425 1598 fines
1445 1573 1561 1599 arma

204 1617 371 1666 efferre,
406 1618 618 1672 prohiberi
652 1619 785 1660 socios
817 1619 959 1674 populi
988 1619 1170 1659 Romani
1199 1620 1404 1661 lacessere
1436 1620 1559 1662 bello.

205 1680 393 1735 exposita
424 1680 573 1722 deinde
605 1681 658 1721 ab
685 1696 727 1722 se
753 1681 898 1723 ordine
930 1695 1038 1734 quae
1062 1681 1143 1736 ipsi
1174 1697 1308 1736 nuper
1338 1683 1382 1723 in
1414 1691 1561 1724 senatu
1588 1696 1605 1721 ῑ»

205 1742 425 1783 Eumenen
455 1757 555 1783 vera
580 1743 719 1783 onmia
750 1750 791 1784 et
822 1752 1021 1798 conperta
1050 1743 1303 1785 referentem
1335 1744 1560 1786 audissent.

207 1803 505 1845 Samothracae
535 1812 751 1859 praeterea
781 1820 856 1859 per
885 1806 1038 1846 multos
1070 1805 1158 1846 dies
1184 1806 1395 1847 occultum
1428 1807 1563 1847 consi·
1589 1821 1606 1847 <3

206 1866 308 1906 lium
333 1880 429 1906 cum
458 1866 738 1920 legationibus
764 1867 996 1908 civitatium
1020 1867 1152 1908 Asiae
1177 1883 1321 1922 regem
1351 1868 1560 1910 habuisse.

205 1942 280 1982 pro
306 1927 370 1968 his
394 1927 554 1968 iniuriis
576 1928 766 1969 satisfieri
786 1937 977 1970 senatum
997 1944 1144 1970 aecum
1166 1944 1335 1971 censere
1361 1931 1562 1983 reddique
1591 1944 1605 1971 ῖ

207 1989 287 2030 sibi
310 2004 376 2030 res
408 1989 612 2042 sociisque
645 1990 749 2040 suis,
787 2004 891 2044 quas
922 1999 1065 2031 contra
1096 1991 1160 2031 ius
1186 1991 1366 2033 foederis
1396 1992 1561 2033 habeat.

206 2067 350 2107 regem
382 2051 435 2092 ad
466 2066 515 2092 ea
550 2051 684 2105 primo
715 2066 937 2093 accensum
968 2053 1030 2093 ira
1061 2053 1332 2094 inclementer
1362 2054 1561 2103 locutum,
1589 2070 1607 2095 s

208 2113 426 2155 avaritiam
450 2113 774 2167 superbiamque
794 2114 996 2155 Romanis
1022 2114 1273 2155 obicientem
1298 2114 1564 2156 frementem-

208 2190 303 2229 que,
330 2175 442 2229 quod
467 2175 520 2216 ali
546 2190 672 2230 super
691 2176 794 2216 alios
819 2176 947 2231 legati
966 2176 1153 2217 venirent
1180 2177 1434 2231 speculaturi
1454 2177 1563 2218 dicta

208 2238 403 2290 factaque
440 2253 534 2286 sua,
573 2237 687 2290 quod
723 2252 766 2279 se
805 2238 859 2278 ad
893 2246 1043 2278 nutum
1077 2238 1383 2293 imperiumque
1420 2254 1562 2280 corum

210 2300 349 2339 omnia
374 2299 511 2340 dicere
537 2313 585 2339 ac
617 2298 755 2340 facere
781 2314 929 2341 aecum
954 2308 1170 2341 censerent
1180 2317 1190 2349 ;
1221 2309 1432 2355 postremo
1456 2302 1565 2342 mul-
1591 2316 1607 2342 v

209 2370 299 2402 tum
324 2375 373 2402 ac
398 2361 469 2401 diu
494 2360 767 2402 vociferatum
792 2362 943 2403 reverti
967 2370 1133 2416 postero
1159 2363 1225 2404 die
1250 2363 1438 2404 iussisse:
1465 2365 1565 2406 scri-

210 2432 328 2478 ptum
365 2438 408 2465 50
444 2438 691 2478 10511011511111
728 2424 827 2466 dare
863 2426 982 2467 velle.
1042 2434 1133 2467 tum
1168 2427 1225 2468 ita
1256 2427 1335 2468 sibi
1365 2428 1565 2483 scriptum
1594 2439 1632 2466 10

210 2486 409 2526 traditum
434 2500 542 2527 esse:
574 2485 723 2527 foedus
749 2501 845 2527 cum
869 2495 986 2542 patre
1010 2487 1140 2529 ictum
1165 2489 1219 2529 ad
1245 2504 1287 2530 se
1312 2489 1415 2530 nihil
1439 2491 1566 2544 perti-

210 2562 328 2596 1101·ος
354 2548 396 2588 1(1
421 2563 464 2589 50
489 2548 681 2589 renovari
705 2563 789 2589 non
810 2549 908 2602 quia
932 2550 1142 2604 probaret,
1169 2551 1242 2592 sed
1267 2551 1365 2604 quia
1389 2551 1432 2592 in
1456 2567 1566 2592 nova

211 2610 471 2664 possessione
497 2609 615 2665 regni
640 2611 836 2664 patienda
856 2612 995 2653 omnia
1014 2622 1164 2662 essent,
1191 2628 1374 2668 passum.
1412 2628 1563 2654 novom
1594 2625 1629 2653 11

1587 1010 1604 1039 10·
