1804 2926
437 148 589 183 LIBER
614 145 862 188 XXXXHH,
889 144 944 178 24.
963 143 1020 178 25.
1049 142 1152 188 [ae
1169 143 1249 186 ios]
1444 131 1523 172 129

173 254 353 308 quadam
384 266 435 293 ex
471 257 588 305 parte
627 249 753 291 etiam
783 247 981 302 Philippo
1013 254 1129 301 patre
1161 260 1236 286 suo
1267 244 1527 286 Antiochum

172 321 480 371 oppugnatum3
505 312 549 352 in
574 326 617 352 se
642 325 754 352 nune
780 318 818 352 et
833 310 1056 350 Eumenen
1081 316 1122 349 et.
1140 307 1322 348 Prusian
1347 314 1527 348 armatos

172 392 274 419 esse.
335 375 368 416 si
392 373 670 415 Macedoniae
693 387 872 427 regnum
898 371 1109 412 sublatum
1134 370 1255 419 foret,
1280 383 1528 424 proxumam
1553 383 1573 410 4

172 439 320 479 Asiam
346 452 449 486 esse,
475 450 603 489 quam
620 435 705 475 iam
726 450 777 476 ex
801 441 919 489 parte
940 433 1017 473 sub
1043 432 1182 487 specie
1205 431 1411 473 liberandi
1431 430 1532 472 civi-

169 501 268 543 tatis
294 514 413 540 suam
435 497 629 546 fecerint,
655 496 805 538 deinde
821 496 1000 550 Syriam.
1043 495 1126 535 iam
1138 494 1335 535 Prusiam
1348 491 1529 533 Eumeni
1555 507 1573 534 5

173 563 330 604 honore
354 559 574 615 praeferri,
605 559 690 599 iam
714 557 974 598 Antiochum
998 557 1199 597 victorem
1222 554 1409 610 praemio
1434 554 1530 595 belli

174 625 375 679 Aegypto
401 622 544 663 areeri.
605 621 709 662 haee
735 620 989 675 cogitantem
1014 619 1234 674 providere
1258 617 1448 665 iubebat,
1486 623 1531 656 ut
1558 625 1575 653 6

176 694 248 727 aut
273 685 326 726 ad
350 699 499 739 pacem
519 698 661 725 seeum
686 683 923 724 faciendam
944 680 1436 736 conpelleretRomanos,
1463 684 1533 718 aut

175 754 491 803 perseverantes
517 746 561 786 in
586 745 694 787 bello
719 745 874 785 iniusto
897 758 1138 785 communes
1158 743 1328 783 duceret
1348 740 1534 781 omnium

175 825 324 865 regum
348 809 501 850 hostes.
562 808 615 849 ad
639 807 899 848 Antiochum
925 814 1068 861 aperta
1092 805 1290 846 mandata
1315 810 1451 852 erant,
1483 801 1537 843 ad

177 872 399 913 Eumenen
424 886 498 926 per
523 870 705 925 speciem
731 870 990 924 captivorum
1015 867 1354 909 redimendorum
1384 865 1536 906 missus

177 934 341 988 legatus
378 941 486 982 erat3
525 931 610 987 [re]
648 947 747 973 vera
783 931 1008 972 occultiora
1045 929 1253 984 quaedam
1289 928 1535 983 agebantur,

180 1011 287 1049 quae
309 995 352 1036 in
369 994 606 1049 praesentia
625 994 806 1034 invisum
827 993 996 1047 quidem
1016 1000 1057 1033 et
1075 999 1316 1046 suspectum
1334 989 1536 1031 Romanis

180 1058 402 1099 Eumenen
427 1057 543 1097 falsis
568 1056 833 1111 gravioribus
860 1054 1124 1110 [criminibus
1150 1051 1416 1107 onerarunt];
1442 1066 1538 1106 pro-

181 1120 289 1160 ditor
308 1119 419 1160 enim
439 1133 486 1159 ac
507 1133 637 1173 prope
658 1118 788 1158 hostis
808 1117 990 1166 habitus,
1011 1116 1111 1157 dum
1130 1115 1238 1156 inter
1259 1130 1302 1156 se
1316 1115 1399 1155 duo
1418 1128 1539 1168 reges

182 1189 396 1236 captantes
416 1181 563 1221 fraude
585 1189 622 1221 et
645 1179 819 1220 avaritia
833 1186 1004 1220 certant.
1044 1176 1188 1232 Cydas
1209 1184 1296 1218 erat
1311 1172 1538 1225 Cretensis,

182 1259 234 1285 ex
258 1242 413 1283 intimis
440 1241 657 1282 Eumenis.
696 1241 760 1281 his
785 1241 900 1295 prius
928 1240 981 1280 ad
1000 1239 1291 1294 Amphipolim
1316 1253 1412 1279 cum
1439 1237 1541 1279 Chi-

183 1320 298 1346 maro
325 1303 506 1358 quodam
540 1303 731 1357 populari
764 1317 840 1343 suo
870 1303 1074 1342 militante
1106 1309 1208 1356 aput
1231 1301 1408 1349 Persea,
1444 1299 1541 1341 inde

183 1375 329 1422 postea
359 1366 413 1407 ad
435 1364 753 1406 Demetriadem
785 1365 913 1405 semel
946 1379 1041 1404 eum
1067 1364 1312 1404 Menecrate
1343 1363 1540 1416 quodam,

183 1431 332 1471 iterum
360 1443 455 1469 cum
479 1427 753 1475 Antimacho,
779 1426 904 1481 regiis
930 1426 1127 1474 ducibus,
1153 1425 1231 1466 sub
1256 1424 1358 1479 ipsis
1383 1424 1542 1464 moeni-

185 1493 264 1533 bus
290 1490 403 1531 urbis
424 1490 667 1531 conlocutus
693 1488 843 1530 fuerat.
881 1487 1129 1542 Hierophon
1149 1500 1330 1540 quoque,
1356 1486 1429 1539 qui
1455 1494 1542 1526 tum

185 1553 336 1594 missus
362 1559 441 1601 est,
480 1551 643 1592 duabus
670 1551 723 1592 ad
754 1551 933 1592 eundem
955 1549 1176 1590 Eumenen
1201 1549 1285 1589 iam
1311 1556 1406 1589 ante
1430 1548 1546 1602 lega-

188 1615 371 1657 tionibus
392 1614 561 1655 funetus
576 1621 676 1655 erat.
715 1628 823 1667 quae
839 1612 1061 1665 conloquia
1075 1612 1240 1652 occulta
1255 1619 1294 1652 et
1313 1610 1543 1665 legationes

186 1678 363 1718 infames
377 1676 548 1730 quidem
562 1683 692 1725 erant,
708 1676 781 1717 sed
794 1676 895 1729 quid
910 1684 1050 1716 actum
1065 1682 1172 1716 esset
1188 1673 1341 1727 quidve
1362 1673 1469 1713 inter
1482 1687 1546 1713 re-

188 1755 263 1795 ges
289 1739 550 1780 convenisset
574 1738 859 1794 ignorabatur.
896 1753 962 1779 res
989 1745 1129 1778 autem
1153 1737 1212 1777 ita
1237 1750 1327 1777 sese
1353 1735 1511 1776 habuit.

272 1802 424 1843 XXV.
463 1801 679 1843 Eumenes
711 1816 847 1855 neque
881 1801 985 1842 favit
1015 1800 1214 1841 victoriae
1239 1799 1385 1840 Persei
1410 1813 1547 1852 neque

189 1864 299 1905 bello
325 1879 422 1904 eum
445 1864 589 1905 iuvare
616 1862 696 1918 [in]
726 1864 863 1904 animo
889 1863 1049 1912 habuit,
1075 1878 1159 1903 non
1184 1870 1269 1902 tam
1289 1862 1387 1915 quia
1411 1869 1549 1915 pater-

191 1941 270 1967 nae
295 1926 401 1966 inter
428 1939 497 1966 eos
524 1925 765 1967 inimicitiae
791 1934 906 1966 erant
934 1926 1119 1980 ipsorum
1145 1925 1249 1965 odiis
1281 1924 1387 1964 inter
1412 1938 1456 1963 se
1482 1937 1550 1963 ae-

193 2002 354 2029 censae.
392 2001 475 2026 non
502 2001 549 2027 ea
575 2002 723 2041 regum
749 1988 987 2035 aemulatio,
1013 1994 1059 2027 ut.
1079 2000 1213 2038 aequo
1234 1985 1371 2025 animo
1391 1985 1550 2025 Persea

193 2058 329 2092 tantas
362 2049 492 2103 apisci
523 2063 623 2103 opes
654 2056 898 2102 tantamque
927 2048 1124 2103 gloriam,
1160 2056 1318 2100 quanta
1350 2046 1550 2087 Romanis

194 2113 313 2153 victis
340 2127 436 2152 eum
461 2111 671 2160 manebat,
694 2109 907 2151 Eumenes
928 2110 1092 2150 visurus
1118 2109 1256 2149 fuerit.
1295 2108 1492 2149 cernebat
1511 2116 1551 2150 et

195 2174 352 2215 Persea
388 2173 470 2213 iam
503 2173 599 2214 inde
631 2173 683 2212 ab
714 2172 830 2212 initio
864 2172 962 2212 belli
987 2171 1100 2211 omni
1130 2170 1254 2210 modo
1288 2185 1404 2224 spem
1437 2170 1551 2224 pacis

196 2244 421 2290 temptasse
435 2235 531 2276 etin
546 2235 632 2276 dies
647 2235 794 2290 magis,
816 2249 899 2288 quo
919 2234 1089 2288 propior
1102 2234 1395 2274 admoveretur
1408 2240 1551 2281 terror,

195 2299 298 2339 nihil
323 2311 458 2350 neque
479 2313 602 2352 agere
624 2298 737 2338 aliud
757 2312 892 2350 neque
915 2297 1113 2351 cogitare,
1139 2296 1352 2336 Romanos
1372 2309 1552 2348 quoque,

199 2360 297 2413 quia
316 2359 549 2400 traheretur
565 2359 719 2399 diutius
740 2374 813 2413 spe
833 2359 1020 2413 ipsorum
1040 2358 1209 2407 bellum,
1236 2365 1276 2398 et
1294 2357 1406 2411 ipsos
1427 2357 1554 2398 duces

199 2432 239 2463 et
266 2429 457 2462 senatum
482 2436 566 2461 non
591 2421 814 2462 abhorrere
841 2437 865 2462 a
890 2421 1072 2462 finiendo
1098 2428 1184 2461 tam
1215 2420 1480 2460 incommodo
1507 2434 1555 2460 ac

200 2484 359 2525 difficili
389 2483 510 2524 bello.
570 2483 649 2524 hae
680 2483 896 2537 utriusque
920 2483 1048 2538 partis
1074 2483 1287 2523 voluntate
1319 2482 1546 2537 explorata,

203 2547 314 2600 quod
339 2546 428 2586 fieri
453 2545 580 2586 etiam
605 2561 681 2586 sua
707 2553 852 2600 sponte
879 2545 1016 2586 taedio
1043 2545 1274 2593 validioris,
1301 2554 1416 2585 metu
1441 2544 1554 2584 infir-

204 2608 342 2650 mioris
369 2607 564 2649 credebat
589 2622 724 2663 posse,
750 2608 793 2649 in
818 2623 866 2649 eo
887 2623 1004 2649 suam
1027 2622 1195 2662 operam
1217 2607 1430 2648 venditare
1457 2621 1554 2647 con-

273 2676 331 2702 Lm·
346 2676 396 2701 ml.
411 2674 454 2702 w.
1317 2673 1338 2706 9

1562 811 1578 839 7

1566 1184 1583 1212 9

1573 1495 1610 1522 14]

1573 1619 1608 1647 11

1577 1993 1594 2022 10
