1804 2926
448 197 734 235 PERIOCHAE
760 195 1026 231 LIBRORUM
1051 196 1227 230 L-Ln.
1428 186 1508 227 201

157 295 283 340 viguit,
300 297 341 327 ut
353 295 437 338 post
449 294 591 326 sextum
605 293 642 325 et
655 289 919 335 octogesimum
933 299 1068 322 annum
1080 287 1196 322 filium
1211 287 1391 334 genuerit.
1416 287 1513 322 inter

155 345 230 374 tres
243 339 378 373 liberos
391 337 469 372 eius
482 335 676 381 (maximus
690 340 782 369 natu
794 334 963 378 Micipsa,
984 333 1158 378 Gulussa,
1179 333 1429 377 Mastanabal,
1450 333 1512 377 qui

156 385 267 419 ctiam
293 382 446 417 Graecis
467 381 598 415 litteris
623 381 786 415 eruditus
810 379 922 424 erat),
947 379 990 413 P.
1012 378 1136 424 Scipio
1155 379 1402 422 Aemilianus,
1429 389 1511 412 cum

156 439 346 464 commune
366 427 418 462 eis
435 437 591 472 regnum
608 430 716 470 pater
734 425 942 470 reliquisset
962 428 999 459 et
1018 425 1179 459 dividere
1200 436 1262 459 eos
1283 425 1420 458 arbitro
1435 423 1511 458 Sci-

155 475 264 519 pione
283 473 464 516 iussisset,
485 475 610 517 partes
631 470 911 505 administrandi
930 470 1035 515 regni
1055 470 1187 504 divisit.
1224 470 1311 504 item
1324 470 1511 503 Phameae

155 518 366 562 Himilconi,
386 518 575 562 praefecto
596 517 758 561 equitum
773 515 1151 561 Carthaginiensium,
1171 515 1247 549 viro
1261 515 1347 549 forti
1360 518 1397 548 et
1410 514 1512 548 cuius

155 564 357 610 praecipua
377 573 489 607 opera
503 561 618 596 Poeni
639 562 855 604 utebantur,
876 561 1075 605 persuasit,
1096 565 1137 594 ut
1157 561 1205 594 ad
1223 560 1410 594 Romanos
1430 570 1513 592 cuin

156 609 322 654 equitatu
341 619 405 642 suo
425 607 607 641 transiret.
645 618 687 642 ex
706 607 824 641 tribus
844 606 995 651 legatis,
1012 606 1073 650 qui
1094 606 1141 640 ad
1161 605 1394 639 Masinissam
1412 603 1513 637 missi

156 658 278 697 erant,
299 653 349 687 M.
371 653 547 687 Claudius
567 651 764 686 Marcellus
785 656 911 686 coorta
929 655 1149 695 tempestate
1167 651 1340 684 fluctibus
1360 650 1513 683 obrutus

155 703 221 734 est.
270 697 595 742 Carthaginienses
619 697 911 739 Hasdrubalem,
938 696 1156 730 Masinissae
1181 699 1370 740 nepotem,
1405 705 1513 738 quem

155 747 364 789 praetorem
383 743 589 785 habebant,
609 742 793 777 hominem
812 742 1030 787 proditionis
1051 744 1261 785 suspectum
1279 740 1317 774 in
1337 740 1440 774 curia
1459 739 1512 772 in-

155 791 397 832 teremerunt3
423 799 517 832 quae
543 787 703 831 suspicio
729 788 815 822 inde
841 787 1042 830 emanavit,
1070 787 1167 831 quod
1191 785 1390 830 propincus
1416 788 1514 818 esset

157 833 339 869 Gulussae
352 833 602 867 Romanorum
623 832 760 866 auxilia
778 832 947 866 iuvantis.
987 832 1029 865 P.
1045 831 1169 876 Scipio
1182 830 1411 865 Aemilianus
1431 841 1514 863 cum

156 879 383 914 aedilitatem
396 882 550 923 peteret,
566 878 694 912 consul
709 889 731 912 a
742 877 878 922 populo
893 877 1024 920 dictus,
1035 877 1208 921 quoniam
1220 887 1287 921 per
1301 887 1414 909 annos
1429 886 1513 908 eon-

156 924 227 958 suli
244 923 324 958 fieri
345 935 419 958 non
433 923 586 967 licebat,
609 934 690 957 cum
704 934 840 968 magno
854 922 1053 957 certamine
1068 921 1358 967 suffragantibus
1372 920 1514 965 plebeis

155 974 193 1004 et
210 968 505 1014 repugnantibus
526 968 559 1002 ei
580 968 796 1012 aliquandiu
814 968 999 1012 patribuS,
1022 967 1167 1012 legibus
1184 967 1322 1001 solutus
1338 969 1375 999 et
1386 965 1514 999 consul

156 1018 312 1049 creatus.
350 1013 410 1047 Μ’.
431 1013 606 1047 Manilius
633 1013 774 1057 aliquot
791 1012 902 1047 urbes
922 1012 1198 1057 circumpositas
1218 1011 1436 1056 Carthagini
1455 1022 1512 1044 cx-

154 1059 347 1105 pugnavit.
383 1058 718 1103 Pseudophilippus
743 1058 780 1091 in
800 1058 1036 1101 Macedonia,
1063 1068 1171 1091 caeso
1191 1067 1272 1091 cum
1292 1056 1451 1091 exercitu
1471 1056 1513 1089 P.

155 1104 323 1139 Iuventio
342 1107 530 1148 praetore,
551 1103 598 1138 ab
619 1104 663 1145 Q.
683 1103 845 1138 Caecilio
862 1103 979 1137 victus
1004 1106 1208 1148 captusque
1233 1105 1289 1137 est
1307 1106 1345 1137 et
1362 1104 1515 1146 recepta

156 1150 386 1185 Macedonia.

739 1197 788 1221 1-:x
803 1196 935 1222 LIB L1.

224 1239 412 1285 Carthago
432 1239 469 1273 in
488 1239 679 1274 circuitum
698 1248 793 1272 xxiii
813 1251 943 1284 passus
962 1242 1111 1284 patenS,
1138 1249 1274 1284 magno
1299 1237 1425 1272 labore
1450 1236 1513 1270 ob-

155 1296 257 1319 sessa
276 1288 313 1318 et
331 1296 398 1330 per
416 1288 541 1328 partes
560 1289 672 1329 capta
690 1289 762 1328 est,
783 1286 939 1329 primum
954 1296 975 1318 a
988 1284 1160 1318 Mancino
1179 1284 1321 1328 legato,
1344 1282 1477 1317 deinde
1491 1293 1514 1316 a

157 1329 326 1374 Scipione
342 1329 503 1372 consule,
519 1329 578 1363 cui
592 1333 694 1364 extra
707 1334 841 1364 sortem
854 1329 1044 1374 provincia
1057 1329 1183 1364 Africa
1197 1329 1285 1362 data
1298 1331 1388 1362 erat.
1424 1327 1513 1361 Car-

155 1374 408 1419 thaginienses
431 1378 542 1418 portu
566 1385 677 1418 novo,
704 1374 790 1418 quia
814 1379 918 1409 vetus
944 1385 966 1408 a
986 1374 1159 1419 Scipione
1185 1377 1266 1408 erat
1290 1373 1509 1413 obstructus,

155 1419 253 1453 facto
279 1423 316 1453 et
340 1422 532 1453 contracta
555 1419 651 1453 clam
676 1420 807 1464 exiguo
832 1423 998 1463 tempore
1024 1420 1148 1464 ampla
1172 1419 1291 1453 classe
1316 1415 1518 1452 infeliciter

154 1464 277 1498 navali
305 1464 446 1508 proelio
476 1469 748 1508 pugnaverunt.
802 1464 1050 1498 Hasdrubalis
1080 1475 1224 1508 quoque
1257 1464 1359 1497 ducis
1386 1472 1514 1497 eorum

154 1512 279 1543 castra
298 1509 345 1543 ad
358 1508 557 1552 Nepherim
577 1509 752 1554 oppidum
770 1508 852 1543 loco
871 1509 1016 1543 difficili
1035 1509 1107 1543 sita
1120 1520 1202 1543 cum
1216 1508 1377 1542 exercitu
1393 1507 1519 1542 deleta

153 1557 239 1588 sunt
253 1566 275 1588 a
289 1553 478 1598 Scipione,
501 1553 562 1598 qui
582 1555 732 1589 tandem
754 1554 916 1597 [urbem]
942 1554 1168 1599 expugnavit
1186 1552 1514 1605 septingentesimo

153 1610 250 1633 anno
276 1610 385 1643 quam
411 1602 491 1633 erat
514 1599 673 1633 condita.
722 1600 921 1644 spoliorum
945 1600 1063 1633 maior
1086 1611 1173 1644 pars
1200 1598 1349 1641 Siculis,
1383 1598 1514 1642 quibus

156 1644 283 1679 ablata
297 1647 420 1687 erant,
435 1644 592 1679 reddita.
628 1644 757 1679 ultimo
770 1645 872 1679 urbis
887 1645 1045 1689 excidio,
1061 1656 1143 1679 cum
1157 1656 1195 1678 se
1209 1643 1422 1677 Hasdrubal
1436 1642 1514 1677 Sci-

153 1689 253 1734 pioni
285 1689 501 1732 dedidisset,
534 1700 624 1723 uxor
649 1690 742 1733 eius,
773 1701 867 1735 quae
890 1689 1020 1734 paucis
1046 1694 1131 1724 ante
1157 1689 1286 1724 diebus
1312 1689 1357 1723 de
1382 1688 1513 1722 marito

154 1735 350 1779 impetrare
364 1745 437 1768 non
451 1738 632 1779 potuerat,
648 1739 689 1769 ut
702 1735 749 1769 ad
762 1736 937 1770 victorem
950 1735 1236 1780 transfugerent,
1253 1734 1289 1767 in
1303 1733 1462 1768 medium
1475 1743 1514 1768 sc

155 1779 348 1825 flagrantis
362 1779 461 1813 urbis
474 1779 682 1814 incendium
696 1792 778 1815 cum
793 1780 934 1814 duobus
949 1780 1074 1814 liberis
1088 1792 1131 1814 ex
1145 1791 1228 1814 arce
1242 1778 1513 1824 praecipitavit.

156 1824 278 1869 Scipio
304 1825 470 1869 exemplo
489 1825 605 1869 patris
626 1826 681 1859 sui
700 1826 835 1860 Aemili
848 1825 976 1869 Pauli,
1003 1825 1065 1870 qui
1085 1825 1342 1859 Macedoniam
1363 1824 1513 1865 vicerat,

156 1869 261 1903 ludos
273 1869 378 1913 fecit,
399 1870 685 1915 transfugasque
699 1882 742 1905 ac
755 1871 930 1916 fugitivos
943 1870 1058 1905 bestis
1072 1871 1217 1905 obiecit.
1255 1869 1345 1904 belli
1358 1868 1515 1902 Achaici

155 1914 296 1948 semina
308 1914 516 1949 referuntur
529 1915 632 1959 haec,
649 1916 747 1960 quod
759 1916 875 1961 legati
888 1916 1047 1950 Romani
1062 1915 1109 1950 ab
1122 1914 1283 1949 Achaeis
1298 1914 1434 1958 pulsati
1444 1913 1516 1947 sint

156 1958 333 2002 Corinthi,
353 1958 470 2002 missi,
490 1963 531 1993 ut
545 1971 607 1993 eas
622 1960 787 1995 civitates
797 1987 806 2004 ,
829 1972 923 2006 quae
938 1961 1005 1995 sub
1021 1961 1164 1995 dicione
1179 1960 1343 2004 Philippi
1356 1959 1513 2002 fuerant,

157 2004 204 2039 ab
218 2003 383 2038 Achaico
396 2004 551 2038 concilio
565 2010 812 2040 secernerent.

725 2058 776 2082 Ex
795 2058 868 2082 LIB.
883 2058 948 2082 L11.

225 2094 317 2130 Cum
330 2094 507 2138 Achaeis,
529 2095 590 2139 qui
609 2095 646 2129 in
666 2095 800 2129 auxilio
814 2095 975 2130 Boeotos
989 2098 1026 2129 et
1039 2093 1300 2129 Chalcidenses
1313 2094 1514 2137 habebant,

158 2139 202 2181 Q.
216 2140 399 2174 Caecilius
413 2139 584 2174 Metellus
605 2141 652 2174 ad
666 2140 934 2185 Thermopylas
953 2141 1052 2175 bello
1066 2139 1245 2181 conflixit,
1266 2140 1397 2184 quibus
1410 2139 1515 2172 victis

159 2186 231 2219 dux
250 2196 374 2219 eorum
388 2184 572 2219 Critolaus
591 2189 744 2220 mortem
765 2186 834 2219 sibi
847 2197 988 2219 veneno
1003 2186 1190 2219 conscivit.
1228 2186 1264 2218 iu
1279 2185 1380 2219 cuius
1394 2185 1515 2217 locum

159 2230 315 2273 Diaeus,
336 2230 491 2264 Achaici
509 2234 629 2265 motus
648 2231 785 2275 primus
800 2236 942 2273 auctor,
964 2231 1011 2264 ab
1023 2231 1184 2264 Achaeis
1199 2231 1270 2263 dux
1284 2233 1445 2271 creatuS,
1468 2228 1515 2262 ad

160 2276 324 2309 Isthmon
342 2286 365 2309 a
383 2275 426 2309 L.
441 2275 614 2310 Mummio
635 2276 784 2310 consule
804 2276 920 2310 victus
940 2279 1006 2309 est.
1044 2275 1105 2319 qui
1126 2275 1223 2308 omni
1237 2274 1381 2308 Achaia
1400 2274 1438 2307 in
1453 2274 1514 2307 de-

160 2320 334 2355 ditionem
360 2324 515 2365 accepta
539 2320 740 2355 Corinthon
765 2332 809 2356 ex
833 2324 982 2355 senatus
1007 2321 1173 2354 consulto
1200 2320 1326 2362 diruit,
1354 2318 1440 2363 quia
1464 2318 1516 2352 ibi

160 2365 275 2410 legati
297 2365 455 2399 Romani
484 2366 611 2400 violati
641 2369 756 2401 erant.
806 2365 959 2400 Thebae
991 2376 1135 2410 quoque
1162 2369 1199 2400 et
1224 2365 1388 2408 Chalcis,
1421 2374 1515 2407 quae

161 2410 295 2444 auxilio
309 2410 467 2454 fuerant,
484 2411 638 2446 dirutae.
675 2412 753 2456 ipse
768 2411 811 2444 L.
826 2410 1021 2444 Mummius
1036 2410 1385 2445 abstinentissimum
1399 2409 1515 2443 virum

160 2456 254 2500 egit,
275 2466 344 2490 nec
363 2455 557 2500 quicquam
579 2468 621 2491 ex
641 2456 694 2490 eis
715 2456 844 2501 opibus
864 2456 1178 2500 ornamentisque,
1206 2467 1300 2500 quae
1325 2454 1516 2499 praedives

163 2501 357 2535 Corinthos
370 2501 511 2544 habuit,
526 2501 562 2536 in
578 2502 723 2535 domum
738 2502 815 2536 eius
828 2501 1005 2546 pervenit.
1033 2500 1075 2541 Q.
1086 2501 1270 2536 Caecilius
1284 2500 1455 2534 Metellus
1469 2499 1515 2533 de

159 2546 341 2580 Andrisco
359 2546 612 2590 triumphavit,
633 2547 676 2580 P.
691 2546 880 2581 Cornelius
900 2546 1113 2591 (Africanus
1151 2546 1272 2590 Scipio
1286 2544 1516 2579 Aemilianus

160 2591 206 2625 de
232 2590 456 2637 Carthagine
482 2596 519 2626 et
543 2591 791 2627 Hasdrubale.
833 2592 997 2626 Viriatus
1022 2591 1060 2625 in
1124 2591 1268 2636 ispania
1291 2590 1447 2635 primum
1472 2601 1516 2623 ex

160 2640 307 2681 pastore
326 2640 493 2680 venator,
517 2649 559 2671 ex
578 2641 751 2671 venatore
765 2637 876 2679 latro,
897 2648 978 2671 mox
992 2637 1077 2670 iusti
1092 2648 1235 2681 quoque
1250 2636 1428 2671 exercitus
1443 2635 1516 2668 dux

159 2682 297 2727 factus,
323 2685 437 2717 totam
457 2682 686 2718 Lusitaniam
705 2682 914 2728 occupavit,
942 2683 991 2717 M.
1014 2682 1187 2718 Vetilium
1206 2685 1414 2727 praetorem
1433 2680 1514 2714 fuso
