1804 2926
172 610 210 639 13

174 797 212 825 14

173 1043 211 1070 15

173 1290 210 1318 10·

173 1537 211 1565 17

175 1659 214 1689 18

175 1906 213 1936 19

201 2341 214 2368 1

238 174 294 215 24
516 182 670 216 LlssER
694 182 882 227 xxxxi,
908 183 962 217 24.
982 184 1036 217 25.
1066 185 1115 226 [a.
1131 184 1305 227 [tesso]

239 296 322 328 tem
348 285 427 327 1100
453 287 792 335 1100011101·0111115;
825 287 927 339 quid
951 286 1151 336 Perseus,
1182 302 1315 328 novus
1340 303 1431 338 rex,
1457 291 1590 330 omnis

238 348 413 389 iniuriae
438 348 599 397 insons,
626 362 701 389 suo
728 348 928 389 beneficio
953 357 1147 403 paternas
1172 350 1402 392 simultates
1427 351 1590 393 oblitte-

237 426 346 458 rans,
367 410 530 459 meruit,
551 425 624 451 cur
643 410 719 450 soli
739 411 925 450 omnium
939 411 1077 451 hostes
1099 411 1135 451 01
1157 411 1310 452 simus?
1334 426 1590 467 quamquam

237 479 277 512 et
296 472 398 512 illud
419 472 555 513 dicere
581 480 783 526 poteram,
808 479 923 512 tanta
943 473 1125 526 priorum
1147 473 1423 515 Macedoniae
1442 490 1590 530 regum

237 534 383 574 merita
408 549 508 587 erga
532 548 608 574 nos
634 533 776 582 fuisse,
802 543 847 574 111
860 534 1046 588 Philippi
1073 535 1194 575 unius
1220 535 1404 584 iniurias,
1431 537 1591 589 siquae

237 596 344 637 forte
368 595 556 643 fuerunt,
586 595 730 648 utique
755 602 849 649 post
872 606 1048 637 mortem
1075 595 1256 651 [elevent
1280 629 1289 637 .
1310 597 1590 652 meministis,]

237 672 332 698 cum
365 657 508 698 classis
534 658 726 699 Romana
753 656 980 698 Cenchreis
1006 666 1150 707 staret,
1184 660 1328 700 consul
1354 675 1449 700 cum
1473 675 1591 702 excr-

238 720 321 760 citu
346 718 520 760 Elatcae
547 731 668 767 esset,
694 719 878 760 triduum
902 734 978 759 nos
1003 720 1046 760 111
1071 721 1247 761 001101110
1272 721 1401 763 fuisse
1427 723 1592 763 consul-

238 781 383 830 tantis,
408 790 548 821 utrum
572 781 785 822 Romanos
812 797 865 821 an
888 781 1134 836 Philippum
1161 797 1441 836 sequeremur.
1489 785 1591 824 nihil

237 850 372 884 metus
398 858 595 897 praesens
621 843 674 883 ab
699 843 900 883 Romanis
928 844 1154 884 sententias
1178 854 1340 885 nostras
1365 846 1591 895 inclinarit3

236 904 314 945 fuit
335 912 445 945 certe
466 912 604 945 tamen
625 904 795 956 aliquid,
822 905 935 957 quod
955 913 1040 944 tam
1059 905 1229 959 longam
1251 907 1591 948 deliberationem

236 966 404 1006 faceret.
463 965 506 1006 id
537 965 639 1019 quid
665 966 777 1006 erat?
812 974 977 1006 vetusta
1001 966 1239 1006 coniunctio
1271 982 1366 1008 cum
1391 968 1593 1010 iMaccdo-

236 1028 375 1076 nibus,
400 1036 543 1068 vetera
568 1035 608 1068 et
632 1042 787 1081 magna
811 1028 854 1068 in
878 1042 953 1067 1105
978 1042 1126 1081 regum
1151 1029 1312 1069 merita.
1360 1030 1527 1071 valeant
1553 1039 1594 1072 et

236 1104 347 1130 nunc
367 1090 512 1130 eadem
531 1089 614 1136 illa,
640 1103 723 1129 non
743 1096 789 1128 ut
808 1088 1031 1143 praecipue
1051 1089 1186 1138 amici,
1213 1099 1273 1131 set
1293 1106 1344 1132 ne
1369 1092 1593 1146 praecipue

235 1151 392 1192 inimici
418 1151 560 1191 simus.
608 1166 660 1192 ne
686 1151 726 1191 id
754 1150 867 1204 quod
890 1165 975 1191 11011
1000 1151 1152 1205 agitur,
1180 1150 1440 1202 Callicrates,
1466 1154 1594 1195 simu-

236 1213 460 1254 laverimus
492 1213 578 1267 agi3
616 1227 738 1253 nemo
768 1227 903 1254 novae
927 1212 1136 1253 societatis
1170 1221 1242 1254 aut
1270 1214 1368 1254 novi
1399 1214 1593 1264 foederis,

237 1290 320 1329 quo
345 1291 420 1316 nos
447 1284 602 1316 temere
634 1275 877 1330 inligemus,
915 1275 1205 1316 conscribendi
1230 1284 1292 1317 est
1324 1284 1487 1326 auctor,
1520 1278 1594 1319 sed

238 1337 533 1378 commercium
559 1344 722 1377 tantum
747 1337 847 1377 iuris
872 1337 1100 1390 praebendi
1124 1338 1423 1391 repetendique
1448 1339 1514 1387 sit,
1538 1354 1592 1380 ne

236 1399 526 1440 interdictione
562 1399 709 1438 finium
758 1406 996 1438 nostrorum
1031 1413 1106 1438 nos
1144 1413 1311 1452 quoque
1349 1407 1389 1441 et
1429 1408 1593 1441 nostros

236 1475 368 1515 regno
399 1475 634 1508 arceamus,
670 1476 723 1501 ne
754 1460 884 1500 servis
917 1460 1069 1500 nostris
1101 1460 1240 1514 aliquo
1273 1461 1421 1515 fugere
1457 1462 1592 1504 liceat.

239 1522 341 1575 quid
372 1522 452 1562 1100
484 1522 684 1562 adversus
710 1521 902 1562 Romana
933 1521 1105 1563 foedera
1136 1522 1222 1563 est?
1253 1523 1354 1575 quid
1378 1538 1466 1564 rem
1497 1539 1593 1578 par-

239 1599 336 1625 vam
372 1593 412 1625 et
448 1591 636 1638 apertam
671 1599 869 1638 magnam
901 1591 941 1624 et
978 1592 1215 1638 suspectam
1247 1584 1449 1626 facimus?
1491 1586 1592 1639 quid

240 1661 369 1687 vanos
401 1646 605 1686 tumultus
637 1645 820 1686 ciemus?
861 1645 962 1699 quid
990 1654 1037 1687 ut.
1066 1646 1146 1700 ipsi
1177 1647 1315 1688 locum
1347 1647 1592 1689 adsentandi

239 1708 441 1749 Romanis
467 1708 710 1756 habeamus,
737 1717 951 1763 suspectos
971 1708 1072 1749 alios
1098 1708 1339 1762 invisosque
1362 1710 1593 1751 efficimus?

240 1770 274 1810 si
299 1770 455 1811 bellum
481 1770 576 1817 erit,
607 1785 660 1810 110
685 1769 867 1810 Perseus
900 1770 1070 1823 quidem
1096 1770 1279 1819 dubitat,
1311 1771 1412 1824 quin
1436 1772 1593 1813 Roma—

238 1846 315 1872 nos
340 1831 522 1872 secuturi
547 1832 689 1872 simus.
738 1832 781 1871 in
811 1846 914 1885 pace
940 1831 1065 1872 etiam
1091 1831 1125 1872 si
1150 1847 1234 1873 non
1258 1833 1459 1874 finiuntur
1483 1835 1592 1883 odia,

238 1893 591 1935 intermittantur.’
630 1908 726 1934 cum
749 1893 860 1933 idem
886 1893 983 1947 111110
1001 1893 1190 1942 orationi,
1215 1894 1286 1947 qui
1310 1895 1456 1936 litteris
1480 1897 1592 1951 regis

240 1955 405 1996 adsensi
420 1962 548 2004 crant,
564 1955 883 2003 adsentirentur,
904 1955 1189 2009 indignatione
1210 1956 1459 2011 principum,
1479 1958 1594 2010 quod

239 2031 366 2070 quam
397 2033 485 2058 rem
514 2032 567 2058 ne
596 2017 805 2071 legatione
837 2016 1009 2070 quidem
1040 2017 1211 2071 dignam
1241 2018 1466 2060 iudicas-set
1489 2019 1594 2060 Per-

240 2094 357 2127 seus,
400 2079 546 2120 litteris
583 2094 814 2133 paucorum
849 2094 1047 2119 versuum
1082 2079 1343 2133 impetraret,
1381 2080 1593 2122 decretum

240 2141 443 2182 differtur.
502 2140 631 2195 legati
663 2140 813 2181 deinde
839 2148 986 2195 postea
1015 2140 1131 2181 missi
1156 2141 1209 2181 ab
1234 2156 1352 2196 rege,
1378 2156 1474 2182 cum
1496 2143 1593 2184 Me-

239 2203 422 2257 galopoli
453 2203 675 2243 concilium
707 2209 837 2251 esset,
875 2203 1056 2255 dataque
1087 2217 1215 2257 opera
1245 2211 1307 2244 est
1337 2204 1389 2244 ab
1414 2204 1484 2253 iis,
1521 2205 1594 2258 qui

240 2264 512 2305 offensionem
538 2273 639 2318 aput
663 2265 878 2306 Romanos
904 2264 1120 2312 timebant,
1145 2280 1197 2305 ne
1223 2265 1552 2306 admitterentur.

326 2325 478 2367 XXV.
516 2326 601 2367 Per
625 2326 730 2368 haec
761 2336 951 2380 tempora
974 2326 1226 2367 Aetolorum
1255 2327 1298 2367 in
1322 2335 1452 2368 semet
1480 2328 1592 2382 ipsos

241 2403 386 2428 versus
412 2388 527 2427 furor
551 2390 705 2429 mutuis
732 2389 931 2430 caedibus
957 2388 1010 2429 ad
1040 2389 1365 2431 internecionem
1389 2391 1593 2432 adductu-

199 2463 217 2492 2
242 2465 312 2489 rus
344 2449 563 2489 videbatur
593 2458 775 2503 gentem.
836 2450 938 2491 fessi
962 2450 1111 2492 deinde
1142 2458 1183 2492 et
1205 2451 1386 2492 Romam
1416 2460 1592 2506 utraque

242 2526 338 2565 pars
369 2510 570 2550 miserunt
604 2511 766 2565 legatos
798 2520 838 2552 et
876 2512 983 2553 inter
1015 2527 1058 2553 se
1095 2512 1175 2566 ipsi
1206 2513 1257 2554 de
1285 2514 1592 2555 reconcilianda

243 2571 465 2613 concordia
497 2572 697 2625 agebant,
730 2588 837 2625 quae
867 2588 979 2613 novo
1005 2574 1189 2615 facinore
1215 2575 1401 2616 discussa
1430 2591 1496 2617 res
1520 2592 1590 2618 ve-

199 2649 217 2677 3
244 2642 350 2676 10105
371 2633 495 2674 ctiam
516 2633 596 2673 iras
617 2634 823 2674 excitavit.
861 2634 1054 2676 exulibus
1076 2636 1322 2690 Hypataeis,
1348 2638 1421 2690 qui
1445 2638 1590 2678 factio-
