1804 2926
222 300 260 329 13

222 548 260 577 14

222 794 260 823 15

223 1042 261 1070 lb*

224 1351 261 1380 17

224 1536 264 1566 18

249 2280 266 2309 [ὗ

251 2588 269 2617 3

289 171 370 214 190
565 179 717 214 LIBER
742 178 945 222 xxxxv,
971 178 1026 211 30.
1046 178 1100 211 40.
1127 177 1370 219 [11110507]

287 285 498 340 triumpho
538 282 712 331 dicavit,
753 282 855 323 alias
893 282 973 323 alio
1005 282 1183 323 ducente
1218 280 1481 322 mactabitis?
1517 280 1643 334 quid?

285 348 376 389 illas
409 346 553 402 epulas
586 351 773 393 senatus,
811 358 920 398 quae
951 358 1028 385 nec
1059 344 1221 399 privato
1252 344 1343 384 1000
1368 358 1445 385 1100
1475 343 1644 398 publico

285 409 475 464 profano,
501 407 575 449 sed
598 406 641 447 in
667 406 876 460 Capitolio
902 407 1304 447 eduntur—utrum
1330 405 1546 446 hominum
1571 418 1645 446 vo-

285 471 457 526 luptatis
485 485 612 511 causa
631 484 684 510 an
704 469 877 509 deorum
901 468 1228 522 hominumque?
1241 493 1297 496 —
1311 475 1480 509 auctore
1496 466 1644 509 Servio

288 532 429 575 Galba
448 530 656 573 turbaturi
682 530 807 572 estis?
838 530 890 571 L.
906 530 1031 571 Pauli
1050 530 1261 584 triumpho
1284 537 1428 584 portae
1448 529 1646 571 clauden-

285 597 378 637 tur?
414 611 488 637 rex
512 593 798 635 Macedonum
823 592 1005 634 Perseus
1039 607 1133 633 cum
1165 592 1307 634 liberis
1339 600 1380 634 ct
1410 592 1533 633 turba
1565 591 1647 632 alia

287 657 563 713 captivorum,
590 655 723 710 spolia
735 655 1035 704 Macedonum,
1068 653 1149 709 [in]
1172 655 1280 696 circo
1293 654 1503 695 Flaminio
1521 653 1646 694 relin-

287 719 492 773 quentur?
533 718 587 758 L.
612 718 773 758 Paulus
799 717 1008 772 privatus,
1045 724 1259 771 tamquam
1285 731 1381 758 rure
1406 715 1590 763 rediens,
1622 729 1646 754 a

286 788 406 835 porta
430 781 602 821 domum
627 779 729 820 ibit?
766 786 806 820 et
830 786 895 827 tu,
922 778 1127 826 centurio,
1154 779 1286 827 miles,
1312 778 1465 832 quibus
1491 777 1545 818 ab
1569 777 1646 818 im-

285 851 477 898 peratore
515 843 651 883 Paulo
692 840 891 896 do[natus
936 841 992 881 sis
1029 841 1170 889 (lonis,
1215 855 1320 893 quos
1356 840 1431 880 tibi
1466 840 1645 880 honores

287 903 478 958 se]natus
525 903 703 944 decrerit
750 902 890 957 potius
932 916 1059 955 quam
1107 900 1257 957 [quid]
1296 900 1470 942 Servius
1506 899 1647 943 Galba

286 966 517 1013 fabuletur,
552 965 662 1005 audi.
743 971 783 1005 et
825 964 905 1005 hoc
937 964 1100 1005 adicere
1140 962 1231 1018 [me
1267 961 1430 1017 decetz]
1464 977 1532 1004 me
1572 976 1648 1017 po-

287 1027 369 1068 tius
395 1041 522 1080 quam
553 1026 672 1067 illum
697 1025 808 1066 audi.
868 1025 937 1067 ille
972 1025 1074 1066 nihil
1104 1032 1399 1080 praeterquam
1434 1024 1569 1078 loqui,
1594 1031 1648 1075 ‘et

286 1089 426 1144 ipsum
456 1089 498 1129 id
523 1087 729 1129 maledice
751 1102 799 1128 ac
825 1088 1022 1142 maligne,
1050 1087 1207 1136 didicit,
1234 1102 1313 1142 ego
1338 1095 1400 1129 ter
1425 1094 1466 1128 et
1491 1087 1647 1128 viciens

287 1166 384 1193 cum
408 1151 527 1192 hoste
552 1157 778 1205 provocato
808 1150 1015 1205 pugnavi3
1054 1165 1105 1191 ex
1130 1150 1343 1200 omnibus,
1375 1164 1471 1191 cum
1495 1149 1647 1203 quibus

287 1229 458 1254 manum
485 1212 694 1261 conserui,
733 1213 865 1266 spolia
890 1212 1049 1261 rettuli,
1086 1212 1251 1267 insigne
1277 1226 1430 1267 corpus
1462 1211 1647 1253 honestis

289 1275 570 1323 cicatricibus,
607 1274 801 1315 omnibus
833 1274 1008 1315 adverso
1035 1288 1207 1329 corpore
1241 1274 1448 1328 exceptis,
1485 1273 1646 1314 habeo.’

289 1337 471 1378 nudasse
498 1336 648 1378 deinde
681 1351 725 1377 se
757 1336 908 1377 dicitur
933 1344 973 1377 et
1005 1350 1088 1390 quo
1122 1350 1313 1390 quaeque
1344 1336 1453 1378 bello
1479 1335 1650 1376 volnera

289 1407 462 1454 accepta
493 1407 631 1440 essent
661 1399 883 1440 rettulisse.
944 1413 1052 1453 quae
1085 1399 1185 1440 dum
1210 1406 1408 1447 ostentat,
1440 1398 1649 1453 adapertis

288 1461 396 1502 forte
411 1476 519 1515 quae
540 1461 718 1502 velanda
739 1468 868 1509 erant,
895 1468 1035 1501 tumor
1055 1461 1279 1515 inguinum
1299 1461 1499 1515 proximis
1518 1461 1648 1501 risum

289 1524 433 1564 movit.
493 1530 583 1564 tum
614 1523 712 1563 ‘hoc
744 1537 910 1575 quoque
942 1523 1056 1575 quod
1087 1523 1249 1563 ridetis'
1280 1523 1415 1575 inquit
1448 1523 1509 1563 ‘in
1540 1536 1648 1576 equo

291 1585 378 1627 dies
413 1592 641 1638 noctesque
677 1584 937 1638 persedendo
977 1584 1132 1633 habeo,
1168 1599 1247 1625 nec
1283 1584 1419 1638 magis
1455 1599 1522 1625 me
1559 1584 1647 1625 eius

289 1661 417 1701 quam
443 1647 681 1689 cicatricum
708 1647 857 1687 harum
876 1646 1004 1701 pudet
1031 1646 1313 1701 paenitetque,
1339 1647 1508 1699 quando
1527 1661 1649 1686 num-

291 1725 416 1763 quam
436 1710 539 1750 mihi
558 1710 855 1764 impedimento
877 1709 927 1749 ad
949 1724 1036 1750 rem
1062 1709 1276 1763 publicam
1295 1709 1401 1750 bene
1421 1708 1649 1763 gerendam

291 1772 404 1813 (lomi
428 1772 685 1825 militiaeque
711 1772 802 1812 fuit.
842 1786 920 1825 ego
946 1771 1025 1812 hoe
1049 1771 1160 1812 ferro
1187 1786 1311 1825 saepe
1336 1780 1535 1812 vexatum
1562 1785 1650 1812 cor-

291 1849 370 1888 pus
395 1841 517 1875 vetus
542 1834 660 1874 miles
692 1833 1032 1874 adulescentibus
1065 1833 1265 1874 militibus
1291 1833 1472 1882 ostendi,
1511 1832 1652 1875 Galba

292 1896 427 1937 nitens
455 1903 495 1936 et
520 1896 729 1950 integrum
754 1895 950 1936 denudet.
988 1902 1196 1943 revocate,
1224 1895 1258 1935 si
1276 1895 1455 1945 videtur,
1481 1895 1652 1944 tribuni,

292 1958 345 1998 ad
371 1957 619 2010 suffragium
644 1958 776 1998 tribus
786 1974 795 2006 ;
824 1972 902 2012 ego
929 1957 983 1998 ad
1008 1972 1095 2006 vos,
1121 1957 1286 2007 milites,
1317 1956 1345 2012 [.
1362 1989 1371 1998 .
1387 1989 1396 1998 .
1413 1957 1443 2013 .]

377 2019 584 2060 XXXX.
625 2019 887 2075 [Sum]mam
919 2019 1057 2060 omnis
1089 2019 1243 2074 captivi
1280 2020 1370 2060 auri
1407 2020 1652 2074 argentique

290 2081 478 2122 translati
518 2080 791 2136 [sestertiuin]
832 2081 995 2122 miliens
1037 2082 1252 2123 ducenties
1289 2082 1418 2123 fuisse
1455 2082 1651 2124 Valerius

290 2143 443 2184 Antias
469 2144 615 2193 tradit3
641 2158 725 2197 qua
749 2144 852 2185 haut
878 2144 1004 2185 dubie
1025 2144 1159 2184 maior
1178 2144 1390 2197 aliquanto
1412 2160 1576 2185 summa
1601 2159 1652 2185 ex

291 2220 465 2247 numero
490 2206 772 2260 plaustrorum
804 2206 1146 2260 ponderibusque
1164 2207 1267 2255 auri,
1289 2206 1451 2261 argenti
1475 2221 1650 2261 genera-

292 2268 366 2308 tim
392 2268 444 2309 ab
469 2268 560 2322 ipso
587 2268 751 2323 scriptis
777 2268 968 2309 efficitur.
1008 2269 1185 2309 alterum
1211 2276 1373 2309 tantum
1399 2276 1471 2309 aut
1495 2269 1538 2309 in
1563 2268 1652 2309 bel-

292 2329 379 2370 lum
393 2344 645 2383 proxumum
661 2331 931 2385 absumptum
946 2338 1018 2371 aut
1037 2331 1079 2371 in
1099 2331 1216 2385 fuga,
1237 2345 1334 2371 cum
1349 2330 1651 2372 Samothracen

293 2398 480 2446 peteret,
519 2393 766 2448 dissipatum
803 2394 992 2442 tradunt3
1037 2408 1170 2447 eoque
1205 2393 1249 2433 id
1284 2393 1515 2434 mirabilius
1552 2400 1652 2442 erat,

294 2452 408 2505 quod
440 2460 602 2494 tantum
635 2456 837 2508 pecuniae
868 2455 978 2496 intra
1008 2455 1179 2510 triginta
1210 2471 1341 2497 annos
1372 2463 1466 2510 post
1496 2455 1652 2496 bellum

293 2513 479 2568 Philippi
505 2529 599 2555 cum
613 2516 814 2557 Romanis
839 2518 991 2572 partim
1013 2532 1065 2558 ex
1089 2517 1230 2559 fructu
1254 2518 1530 2565 metallorum,
1555 2531 1650 2570 par-

295 2574 368 2615 tim
383 2590 433 2616 ex
455 2577 736 2630 vectigalibus
751 2579 841 2619 aliis
857 2587 1149 2621 coacervatum
1167 2580 1317 2621 fuerat.
1354 2580 1494 2633 itaque
1509 2578 1651 2619 admo-

296 2637 396 2678 dum
419 2637 539 2692 inops
565 2639 769 2693 pecuniae
791 2640 1031 2695 Philippus,
1056 2641 1238 2684 Perseus
1265 2650 1409 2684 contra
1433 2640 1650 2696 praedives
