1804 2926
196 282 214 310 5

197 470 215 497 (3

197 594 212 621 7

198 2455 214 2484 7

246 155 326 195 110
522 165 674 199 LIBER
700 165 958 209 xxxxun,
977 167 1007 199 3.
1029 166 1059 199 -1,
1089 166 1327 209 [11110555]

241 275 578 320 consequeretur.
617 269 791 310 sollicito
812 270 971 311 consuli
993 278 1031 311 ct
1058 277 1226 324 propter
1245 269 1401 311 itineris
1422 271 1599 312 difficul-

240 337 382 379 tatem,
410 330 523 383 quod
546 331 760 385 ingressus
781 340 882 381 erat,
909 340 948 374 et
975 347 1119 374 corum
1139 332 1287 382 vicem,
1312 347 1418 386 quos
1441 348 1599 388 paucos

240 391 347 433 inter
377 392 515 433 media
550 393 758 447 praesidia
794 395 975 435 hostium
1010 395 1302 450 praemiserat,
1339 396 1510 437 nuntius
1547 397 1599 437 ad

242 453 495 494 Ascuridem
519 455 717 509 paludem
738 457 929 497 occurrit.
968 458 1109 498 addita
1133 458 1261 512 igitur
1280 467 1318 499 et
1343 458 1422 513 ipsi
1447 458 1600 499 fiducia

241 524 321 565 est,
360 516 675 570 coniunctisque
714 518 844 572 copiis
882 526 1017 560 castra
1059 521 1220 561 tumulo
1258 521 1329 574 qui
1366 520 1600 566 tenebatur,

240 593 323 632 qua
344 579 606 633 aptissimum
629 579 682 620 ad
706 581 787 621 1001
811 589 1005 622 naturam
1026 592 1126 631 erat,
1153 591 1247 623 sunt
1270 583 1490 623 adclinata.
1515 596 1599 623 non

241 640 424 681 hostium
461 642 586 682 modo
625 650 779 692 castra,
816 656 924 696 quae
961 644 1086 698 paulo
1124 645 1218 699 plus
1249 645 1361 685 mille
1399 659 1599 699 passuum

243 703 435 752 aberant,
473 704 547 744 sed
583 704 717 745 01111115
753 705 869 759 regio
905 705 958 745 ad
993 705 1125 746 Dium
1163 716 1202 748 et
1239 706 1407 747 Philam
1444 720 1599 760 oraque

240 765 365 806 maris
390 766 472 807 late
497 773 665 820 patente
685 782 736 808 ex
755 775 841 807 tam
861 768 944 807 alto
969 767 1069 822 iugo
1095 779 1319 823 prospectu
1337 769 1466 809 oculis
1487 768 1600 809 subi-

240 827 359 867 citur.
420 842 527 880 quae
558 842 624 868 res
656 829 845 869 accendit
878 829 998 869 militi
1025 829 1204 877 animos,
1236 838 1461 884 postquam
1485 845 1599 871 sum-

241 904 351 929 mam
378 889 475 929 belli
495 904 543 930 ae
563 890 701 944 regias
723 891 857 931 omnis
878 891 1019 945 copias
1044 899 1282 944 terramque
1303 891 1495 933 hostilem
1514 901 1599 933 tam

240 966 261 991 c
286 951 521 1005 propinquo
547 961 867 1006 conspexerunt.
916 953 1059 1006 itaque
1085 968 1181 993 curn
1208 954 1385 1002 alacres,
1410 954 1599 1007 protinus

239 1013 409 1053 duceret
441 1013 495 1053 ad
525 1022 660 1054 castra
697 1013 901 1062 hostium,
946 1014 1158 1055 consulem
1191 1014 1475 1064 hortarentur,
1512 1015 1600 1056 dies

239 1090 347 1115 unus
373 1074 493 1115 fessis
518 1075 660 1116 labore
686 1075 778 1117 viae
804 1075 858 1116 ad
889 1076 1071 1129 quietem
1099 1077 1221 1118 datus
1247 1084 1322 1118 est.
1371 1077 1492 1118 tertio
1519 1078 1598 1125 die,

238 1144 355 1191 parte
387 1136 603 1191 copiarum
628 1137 682 1178 ad
712 1138 969 1193 praesidium
1001 1147 1233 1180 castrorum
1256 1139 1421 1189 relicta,
1454 1140 1599 1182 consul

240 1199 294 1240 ad
318 1199 480 1240 hostem
507 1199 634 1241 ducit.

323 1262 429 1302 ΗΠ.
478 1262 661 1316 Hippias
702 1277 837 1317 nuper
881 1262 934 1303 ad
976 1263 1180 1304 tuendum
1222 1263 1374 1304 saltum
1410 1263 1463 1305 ab
1498 1278 1598 1318 rege

239 1324 390 1365 missus
422 1332 509 1365 01111
519 1341 529 1373 3
567 1324 639 1378 qui
671 1339 723 1366 ex
748 1339 831 1378 quo
863 1333 1000 1366 castra
1024 1326 1217 1367 Romana
1246 1326 1290 1366 in
1315 1327 1475 1367 tumulo
1501 1340 1599 1367 con-

240 1386 394 1440 spexit,
430 1387 687 1441 praeparatis
718 1387 771 1428 ad
798 1395 1007 1429 certamen
1038 1388 1186 1429 animis
1212 1403 1383 1429 suorum
1414 1388 1594 1430 venienti

240 1447 397 1502 agmini
422 1449 602 1489 consulis
628 1449 777 1490 obvius
802 1449 894 1490 fuit.
963 1458 1005 1491 et
1028 1450 1210 1491 Romani
1235 1450 1418 1504 expediti
1443 1450 1496 1491 ad
1520 1465 1598 1504 pu-

239 1525 368 1564 gnam
393 1510 579 1551 exierant
606 1519 646 1551 et
677 1510 818 1552 hostes
843 1511 946 1552 levis
973 1520 1185 1552 armatura
1210 1521 1311 1561 erat,
1336 1512 1597 1567 promptissi-

240 1587 356 1612 mum
380 1587 514 1626 genus
540 1572 593 1613 ad
624 1572 916 1614 lacessendum
942 1585 1165 1615 certamen.
1228 1574 1441 1629 congressi
1470 1574 1597 1628 igitur

240 1635 448 1689 extemplo
474 1635 557 1676 tela
577 1636 843 1676 coniecerunt
852 1652 862 1685 ;
888 1636 1020 1677 multa
1042 1636 1253 1690 utrimque
1272 1636 1444 1677 volnera
1467 1644 1597 1678 teme—

239 1697 347 1737 rario
372 1697 543 1738 incursu
568 1705 609 1738 et
633 1707 806 1752 accepta
832 1706 870 1739 et
896 1698 1043 1747 inlata3
1075 1699 1200 1752 pauci
1224 1698 1442 1752 utriusque
1466 1699 1596 1753 partis

241 1759 492 1800 ceciderunt.
552 1759 727 1800 inritatis
752 1759 795 1800 in
818 1768 1033 1814 posterum
1062 1760 1172 1801 diem
1198 1760 1345 1801 animis
1370 1760 1596 1801 maioribus

239 1820 368 1875 copiis
412 1829 538 1875 atque
572 1822 764 1863 infestius
808 1821 1079 1877 eonem-[sum
1117 1822 1290 1864 abeunt:
1326 1831 1491 1876 postero
1529 1822 1595 1864 die

240 1883 522 1924 decrevissent
553 1881 625 1938 de]
657 1899 820 1924 summa
850 1884 968 1932 belli,
1000 1884 1034 1924 si
1065 1884 1147 1925 loci
1177 1884 1276 1924 satis
1303 1885 1356 1924 ad
1387 1883 1598 1939 explican-

240 1945 336 1986 dam
361 1946 494 1986 aciem
517 1945 664 1986 fuisset
674 1962 684 1995 3
712 1944 815 2000 [set]
842 1946 991 2000 iugum
1009 1946 1160 1986 montis
1186 1946 1230 1986 in
1248 1953 1475 2001 angustum
1501 1946 1596 1987 dor-

240 2022 333 2047 sum
359 2014 583 2048 cuneatum
612 2007 684 2048 vix
716 2008 844 2048 ternis
870 2008 1086 2049 ordinibus
1112 2016 1368 2049 armatorum
1392 2008 1435 2049 in
1458 2007 1595 2049 fronte

239 2069 386 2124 patuit.
423 2069 565 2123 itaque
584 2070 729 2124 paucis
749 2071 1036 2125 pugnantibus
1058 2078 1196 2112 cetera
1215 2070 1452 2119 multitudo,
1476 2085 1598 2125 prae-

240 2132 361 2186 cipue
397 2132 468 2186 qui
498 2132 692 2187 gravium
723 2148 934 2174 armorum
967 2140 1102 2181 erant,
1139 2140 1392 2187 spectatores
1428 2147 1596 2187 pugnae

154 2206 156 2208 ’
208 2210 212 2235 ς
241 2194 424 2243 stabant3
458 2194 562 2235 levis
589 2202 800 2235 armatura
826 2195 951 2236 etiam
976 2211 1051 2250 per
1075 2194 1288 2235 anfractus
1312 2194 1401 2249 iugi
1426 2209 1598 2249 procur-

241 2271 330 2296 rere
363 2264 403 2297 et.
434 2257 487 2297 ab
518 2256 719 2298 lateribus
753 2272 848 2298 011111
883 2257 966 2298 levi
1003 2265 1215 2298 armatura
1251 2271 1489 2306 conserere,
1524 2272 1598 2312 per

239 2317 381 2370 iniqua
402 2325 526 2371 atque
547 2333 681 2372 aequa
704 2319 796 2360 loca
821 2334 1009 2374 pugnam
1033 2317 1210 2373 poterat.
1246 2318 1436 2373 pluribus
1457 2333 1506 2360 ea
1531 2319 1597 2359 die

241 2379 465 2419 volneratis
485 2393 611 2431 quam
630 2380 858 2422 interfectis
878 2381 1084 2435 proelium
1103 2388 1226 2421 nocte
1247 2380 1501 2435 diremptum
1521 2390 1595 2421 est.

326 2440 468 2481 Tertio
506 2441 572 2481 die
609 2456 732 2495 egere
768 2444 940 2484 consilio
972 2444 1189 2485 Romanus
1219 2443 1463 2498 imperator3
1500 2458 1596 2484 nam

241 2516 376 2554 neque
408 2517 575 2543 manere
606 2503 649 2543 in
679 2503 778 2558 iugo
809 2506 923 2560 inopi
954 2520 1091 2559 neque
1122 2505 1288 2560 regredi
1321 2505 1409 2546 sinc
1438 2504 1594 2559 flagitio

243 2572 367 2617 atque
393 2563 518 2604 ctiam
542 2565 746 2618 periculo,
774 2566 807 2605 si
834 2568 998 2608 cedenti
1023 2583 1074 2608 ex
1100 2567 1382 2620 superioribus
1407 2567 1507 2607 locis
1532 2567 1594 2606 in-

198 2640 217 2668 s
244 2634 369 2667 staret
395 2625 545 2675 hostis,
578 2634 758 2681 poterat,
791 2643 866 2668 nec
893 2629 1007 2669 aliud
1037 2629 1219 2670 restabat
1245 2643 1372 2682 quam
1397 2627 1594 2668 audacter
