<?xml version="1.0" encoding="UTF-8"?>
<!DOCTYPE html PUBLIC "-//W3C//DTD XHTML 1.0 Transitional//EN"
    "http://www.w3.org/TR/xhtml1/DTD/xhtml1-transitional.dtd">
<html xmlns="http://www.w3.org/1999/xhtml" xml:lang="en" lang="en">
 <head>
  <title>
</title>
<meta http-equiv="Content-Type" content="text/html;charset=utf-8" />
  <meta name='ocr-system' content='tesseract 3.04.00' />
  <meta name='ocr-capabilities' content='ocr_page ocr_carea ocr_par ocr_line ocrx_word'/>
</head>
<body>
  <div class='ocr_page' id='page_1' title='image "./aburbeconditalib04livyuoft_0475.png"; bbox 0 0 1804 2926; ppageno 0'>
   <div class='ocr_carea' id='block_1_1' title="bbox 693 114 1566 153">
    <p class='ocr_par' dir='ltr' id='par_1_1' title="bbox 693 114 1566 153">
     <span class='ocr_line' id='line_1_1' title="bbox 693 114 1566 153; baseline 0.006 -5"><span class='ocrx_word' id='word_1_1' title='bbox 693 122 816 148; x_wconf 75' lang='lat' dir='ltr'>mnnx</span> <span class='ocrx_word' id='word_1_2' title='bbox 840 122 986 148; x_wconf 80' lang='lat' dir='ltr'>RERVM.</span> <span class='ocrx_word' id='word_1_3' title='bbox 1482 114 1566 153; x_wconf 77' lang='lat'>395</span> 
     </span>
    </p>
   </div>
   <div class='ocr_carea' id='block_1_2' title="bbox 112 205 1565 658">
    <p class='ocr_par' dir='ltr' id='par_1_2' title="bbox 113 205 1565 477">
     <span class='ocr_line' id='line_1_2' title="bbox 113 205 1565 252; baseline -0.002 -9"><span class='ocrx_word' id='word_1_4' title='bbox 113 207 260 243; x_wconf 88' lang='lat' dir='ltr'>Puteoli</span> <span class='ocrx_word' id='word_1_5' title='bbox 268 207 468 252; x_wconf 90' lang='lat' dir='ltr'>emporium</span> <span class='ocrx_word' id='word_1_6' title='bbox 476 209 646 251; x_wconf 90' lang='lat' dir='ltr'>coeptum</span> <span class='ocrx_word' id='word_1_7' title='bbox 653 205 823 250; x_wconf 82' lang='lat' dir='ltr'><strong>frequen-</strong></span> <span class='ocrx_word' id='word_1_8' title='bbox 875 206 1030 241; x_wconf 80' lang='lat' dir='ltr'>Nabidis</span> <span class='ocrx_word' id='word_1_9' title='bbox 1043 217 1159 252; x_wconf 86' lang='lat' dir='ltr'>gener</span> <span class='ocrx_word' id='word_1_10' title='bbox 1171 207 1226 251; x_wconf 85' lang='lat'>34,</span> <span class='ocrx_word' id='word_1_11' title='bbox 1240 207 1296 250; x_wconf 82' lang='lat'>25,</span> <span class='ocrx_word' id='word_1_12' title='bbox 1311 207 1333 241; x_wconf 84' lang='lat'>5</span> <span class='ocrx_word' id='word_1_13' title='bbox 1357 217 1446 242; x_wconf 87' lang='lat' dir='ltr'>cura</span> <span class='ocrx_word' id='word_1_14' title='bbox 1463 207 1565 241; x_wconf 88' lang='lat' dir='ltr'>urbis</span> 
     </span>
     <span class='ocr_line' id='line_1_3' title="bbox 135 251 1565 295; baseline -0.001 -7"><span class='ocrx_word' id='word_1_15' title='bbox 135 253 208 287; x_wconf 87' lang='lat' dir='ltr'>tari</span> <span class='ocrx_word' id='word_1_16' title='bbox 221 264 244 288; x_wconf 89' lang='lat' dir='ltr'>a</span> <span class='ocrx_word' id='word_1_17' title='bbox 256 253 374 287; x_wconf 84' lang='lat' dir='ltr'>Fabio</span> <span class='ocrx_word' id='word_1_18' title='bbox 387 252 549 286; x_wconf 91' lang='lat' dir='ltr'>munitur</span> <span class='ocrx_word' id='word_1_19' title='bbox 567 251 623 295; x_wconf 91' lang='lat'>24,</span> <span class='ocrx_word' id='word_1_20' title='bbox 640 252 671 295; x_wconf 94' lang='lat'><strong>7,</strong></span> <span class='ocrx_word' id='word_1_21' title='bbox 688 252 750 294; x_wconf 92' lang='grc'>10,</span> <span class='ocrx_word' id='word_1_22' title='bbox 769 252 824 295; x_wconf 89' lang='grc'>24,</span> <span class='ocrx_word' id='word_1_23' title='bbox 876 251 1080 286; x_wconf 84' lang='lat' dir='ltr'>Timocrati</span> <span class='ocrx_word' id='word_1_24' title='bbox 1097 253 1235 287; x_wconf 86' lang='lat' dir='ltr'>tradita</span> <span class='ocrx_word' id='word_1_25' title='bbox 1249 253 1297 287; x_wconf 88' lang='lat' dir='ltr'>ad</span> <span class='ocrx_word' id='word_1_26' title='bbox 1311 252 1447 288; x_wconf 86' lang='lat' dir='ltr'>Nabim</span> <span class='ocrx_word' id='word_1_27' title='bbox 1464 253 1565 287; x_wconf 90' lang='lat' dir='ltr'>venit</span> 
     </span>
     <span class='ocr_line' id='line_1_4' title="bbox 137 296 1565 342; baseline 0 -10"><span class='ocrx_word' id='word_1_28' title='bbox 137 299 192 337; x_wconf 89' lang='grc'>12,</span> <span class='ocrx_word' id='word_1_29' title='bbox 206 298 229 332; x_wconf 90' lang='grc'>4</span> <span class='ocrx_word' id='word_1_30' title='bbox 264 297 401 332; x_wconf 87' lang='lat' dir='ltr'>frustra</span> <span class='ocrx_word' id='word_1_31' title='bbox 425 300 625 342; x_wconf 89' lang='lat' dir='ltr'>temptatur</span> <span class='ocrx_word' id='word_1_32' title='bbox 650 308 673 330; x_wconf 86' lang='lat' dir='ltr'>a</span> <span class='ocrx_word' id='word_1_33' title='bbox 699 296 825 330; x_wconf 87' lang='lat' dir='ltr'>Poeno</span> <span class='ocrx_word' id='word_1_34' title='bbox 874 296 929 340; x_wconf 85' lang='lat'>34,</span> <span class='ocrx_word' id='word_1_35' title='bbox 938 297 993 340; x_wconf 87' lang='lat'>29,</span> <span class='ocrx_word' id='word_1_36' title='bbox 1004 298 1048 331; x_wconf 90' lang='lat'>14</span> <span class='ocrx_word' id='word_1_37' title='bbox 1066 309 1159 331; x_wconf 88' lang='lat' dir='ltr'>unus</span> <span class='ocrx_word' id='word_1_38' title='bbox 1174 309 1287 332; x_wconf 86' lang='lat' dir='ltr'>causa</span> <span class='ocrx_word' id='word_1_39' title='bbox 1300 302 1366 341; x_wconf 88' lang='lat' dir='ltr'>est,</span> <span class='ocrx_word' id='word_1_40' title='bbox 1374 309 1420 332; x_wconf 89' lang='lat' dir='ltr'>ne</span> <span class='ocrx_word' id='word_1_41' title='bbox 1431 297 1565 341; x_wconf 82' lang='lat' dir='ltr'>Sparta.</span> 
     </span>
     <span class='ocr_line' id='line_1_5' title="bbox 134 341 1491 386; baseline -0.001 -9"><span class='ocrx_word' id='word_1_42' title='bbox 134 343 191 386; x_wconf 85' lang='lat'>24,</span> <span class='ocrx_word' id='word_1_43' title='bbox 208 344 261 386; x_wconf 86' lang='lat'>13,</span> <span class='ocrx_word' id='word_1_44' title='bbox 279 344 298 377; x_wconf 94' lang='lat'><strong>7</strong></span> <span class='ocrx_word' id='word_1_45' title='bbox 323 354 366 377; x_wconf 91' lang='lat' dir='ltr'>eo</span> <span class='ocrx_word' id='word_1_46' title='bbox 381 342 526 378; x_wconf 87' lang='lat' dir='ltr'>colonia</span> <span class='ocrx_word' id='word_1_47' title='bbox 538 342 649 375; x_wconf 86' lang='lat' dir='ltr'>missa</span> <span class='ocrx_word' id='word_1_48' title='bbox 661 341 718 385; x_wconf 90' lang='lat'>32,</span> <span class='ocrx_word' id='word_1_49' title='bbox 733 342 789 384; x_wconf 87' lang='lat'>29,</span> <span class='ocrx_word' id='word_1_50' title='bbox 806 341 827 375; x_wconf 98' lang='lat'>3</span> <span class='ocrx_word' id='word_1_51' title='bbox 875 342 1045 386; x_wconf 80' lang='lat' dir='ltr'>capiatur</span> <span class='ocrx_word' id='word_1_52' title='bbox 1058 342 1114 385; x_wconf 89' lang='lat'>34,</span> <span class='ocrx_word' id='word_1_53' title='bbox 1129 344 1185 386; x_wconf 85' lang='lat'>39,</span> <span class='ocrx_word' id='word_1_54' title='bbox 1200 344 1221 377; x_wconf 88' lang='grc'><strong>9</strong></span> <span class='ocrx_word' id='word_1_55' title='bbox 1234 343 1280 377; x_wconf 90' lang='lat' dir='ltr'>cf.</span> <span class='ocrx_word' id='word_1_56' title='bbox 1296 343 1352 386; x_wconf 84' lang='lat'>35,</span> <span class='ocrx_word' id='word_1_57' title='bbox 1366 344 1421 386; x_wconf 88' lang='lat'>29,</span> <span class='ocrx_word' id='word_1_58' title='bbox 1439 343 1491 376; x_wconf 82' lang='lat'>12.</span> 
     </span>
     <span class='ocr_line' id='line_1_6' title="bbox 135 387 1564 433; baseline 0 -11"><span class='ocrx_word' id='word_1_59' title='bbox 135 388 183 422; x_wconf 90' lang='lat' dir='ltr'>cf.</span> <span class='ocrx_word' id='word_1_60' title='bbox 196 388 252 432; x_wconf 83' lang='lat'>34,</span> <span class='ocrx_word' id='word_1_61' title='bbox 266 388 322 432; x_wconf 90' lang='lat'>42,</span> <span class='ocrx_word' id='word_1_62' title='bbox 338 389 376 431; x_wconf 91' lang='grc'>6,</span> <span class='ocrx_word' id='word_1_63' title='bbox 389 388 445 431; x_wconf 88' lang='grc'>34,</span> <span class='ocrx_word' id='word_1_64' title='bbox 459 388 515 430; x_wconf 92' lang='grc'>45,</span> <span class='ocrx_word' id='word_1_65' title='bbox 531 391 568 422; x_wconf 89' lang='lat' dir='ltr'>et</span> <span class='ocrx_word' id='word_1_66' title='bbox 581 387 635 430; x_wconf 82' lang='lat'>25,</span> <span class='ocrx_word' id='word_1_67' title='bbox 645 387 700 429; x_wconf 87' lang='lat'>20,</span> <span class='ocrx_word' id='word_1_68' title='bbox 716 387 756 429; x_wconf 93' lang='grc'>2,</span> <span class='ocrx_word' id='word_1_69' title='bbox 769 387 825 430; x_wconf 89' lang='grc'>26,</span> <span class='ocrx_word' id='word_1_70' title='bbox 854 387 1031 432; x_wconf 85' lang='lat' dir='ltr'>Pythicus</span> <span class='ocrx_word' id='word_1_71' title='bbox 1048 388 1083 421; x_wconf 88' lang='lat' dir='ltr'>A</span> <span class='ocrx_word' id='word_1_72' title='bbox 1112 388 1185 422; x_wconf 92' lang='lat' dir='ltr'>ollo</span> <span class='ocrx_word' id='word_1_73' title='bbox 1204 389 1236 431; x_wconf 92' lang='lat'><strong>5,</strong></span> <span class='ocrx_word' id='word_1_74' title='bbox 1251 389 1305 432; x_wconf 89' lang='grc'>21,</span> <span class='ocrx_word' id='word_1_75' title='bbox 1320 389 1342 422; x_wconf 92' lang='grc'>2</span> <span class='ocrx_word' id='word_1_76' title='bbox 1365 388 1564 433; x_wconf 86' lang='lat' dir='ltr'>Pythicum</span> 
     </span>
     <span class='ocr_line' id='line_1_7' title="bbox 136 432 1250 477; baseline 0 -11"><span class='ocrx_word' id='word_1_77' title='bbox 136 434 191 477; x_wconf 87' lang='grc'>17,</span> <span class='ocrx_word' id='word_1_78' title='bbox 206 433 245 477; x_wconf 90' lang='grc'>2,</span> <span class='ocrx_word' id='word_1_79' title='bbox 265 434 320 476; x_wconf 88' lang='grc'>30,</span> <span class='ocrx_word' id='word_1_80' title='bbox 335 434 391 475; x_wconf 90' lang='grc'>21,</span> <span class='ocrx_word' id='word_1_81' title='bbox 408 434 467 476; x_wconf 84' lang='grc'>11,</span> <span class='ocrx_word' id='word_1_82' title='bbox 488 433 543 477; x_wconf 88' lang='grc'>32,</span> <span class='ocrx_word' id='word_1_83' title='bbox 559 433 591 476; x_wconf 91' lang='grc'>7,</span> <span class='ocrx_word' id='word_1_84' title='bbox 606 432 646 477; x_wconf 94' lang='grc'>3,</span> <span class='ocrx_word' id='word_1_85' title='bbox 667 432 722 476; x_wconf 89' lang='lat'>37,</span> <span class='ocrx_word' id='word_1_86' title='bbox 738 432 771 476; x_wconf 93' lang='lat'>3,</span> <span class='ocrx_word' id='word_1_87' title='bbox 787 432 826 476; x_wconf 88' lang='grc'>2,</span> <span class='ocrx_word' id='word_1_88' title='bbox 876 433 1064 467; x_wconf 89' lang='lat' dir='ltr'>oraculum</span> <span class='ocrx_word' id='word_1_89' title='bbox 1101 460 1109 477; x_wconf 90' lang='lat'><strong>,</strong></span> <span class='ocrx_word' id='word_1_90' title='bbox 1126 434 1180 477; x_wconf 88' lang='lat'>15,</span> <span class='ocrx_word' id='word_1_91' title='bbox 1196 434 1250 467; x_wconf 91' lang='grc'>12.</span> 
     </span>
    </p>

    <p class='ocr_par' dir='ltr' id='par_1_3' title="bbox 135 478 1564 523">
     <span class='ocr_line' id='line_1_8' title="bbox 135 478 1564 523; baseline 0.001 -11"><span class='ocrx_word' id='word_1_92' title='bbox 135 479 192 521; x_wconf 95' lang='grc'>41,</span> <span class='ocrx_word' id='word_1_93' title='bbox 207 479 238 522; x_wconf 86' lang='grc'>9,</span> <span class='ocrx_word' id='word_1_94' title='bbox 254 479 292 521; x_wconf 86' lang='grc'>5,</span> <span class='ocrx_word' id='word_1_95' title='bbox 306 479 362 522; x_wconf 88' lang='grc'>45,</span> <span class='ocrx_word' id='word_1_96' title='bbox 379 478 433 522; x_wconf 89' lang='grc'>13,</span> <span class='ocrx_word' id='word_1_97' title='bbox 450 479 503 511; x_wconf 90' lang='grc'>12.</span> <span class='ocrx_word' id='word_1_98' title='bbox 853 478 1029 522; x_wconf 90' lang='lat' dir='ltr'>Pythium</span> <span class='ocrx_word' id='word_1_99' title='bbox 1048 479 1224 523; x_wconf 91' lang='lat' dir='ltr'>oppidum</span> <span class='ocrx_word' id='word_1_100' title='bbox 1241 479 1298 522; x_wconf 88' lang='grc'>42,</span> <span class='ocrx_word' id='word_1_101' title='bbox 1318 478 1373 522; x_wconf 92' lang='grc'>53,</span> <span class='ocrx_word' id='word_1_102' title='bbox 1396 479 1433 523; x_wconf 88' lang='grc'>6,</span> <span class='ocrx_word' id='word_1_103' title='bbox 1452 479 1508 522; x_wconf 79' lang='lat'>44,</span> <span class='ocrx_word' id='word_1_104' title='bbox 1530 479 1564 522; x_wconf 93' lang='grc'>2,</span> 
     </span>
    </p>

    <p class='ocr_par' dir='ltr' id='par_1_4' title="bbox 112 523 1103 573">
     <span class='ocr_line' id='line_1_9' title="bbox 112 523 1103 573; baseline -0.001 -15"><span class='ocrx_word' id='word_1_105' title='bbox 112 523 144 558; x_wconf 93' lang='grc' dir='ltr'><em>Ρ</em></span> <span class='ocrx_word' id='word_1_106' title='bbox 174 523 248 558; x_wconf 89' lang='lat' dir='ltr'>dna</span> <span class='ocrx_word' id='word_1_107' title='bbox 260 523 315 567; x_wconf 81' lang='lat'>44,</span> <span class='ocrx_word' id='word_1_108' title='bbox 330 524 362 566; x_wconf 90' lang='grc'>6,</span> <span class='ocrx_word' id='word_1_109' title='bbox 376 524 415 566; x_wconf 88' lang='grc'>3,</span> <span class='ocrx_word' id='word_1_110' title='bbox 439 523 495 566; x_wconf 87' lang='lat'>44,</span> <span class='ocrx_word' id='word_1_111' title='bbox 510 523 566 566; x_wconf 89' lang='grc'>42,</span> <span class='ocrx_word' id='word_1_112' title='bbox 581 523 602 556; x_wconf 91' lang='grc'>2</span> <span class='ocrx_word' id='word_1_113' title='bbox 632 533 760 573; x_wconf 86' lang='lat' dir='ltr'>pugna</span> <span class='ocrx_word' id='word_1_114' title='bbox 780 523 826 556; x_wconf 87' lang='lat' dir='ltr'>ad</span> <span class='ocrx_word' id='word_1_115' title='bbox 876 524 914 565; x_wconf 88' lang='grc'>6,</span> <span class='ocrx_word' id='word_1_116' title='bbox 927 523 982 566; x_wconf 88' lang='grc'>44,</span> <span class='ocrx_word' id='word_1_117' title='bbox 999 524 1055 566; x_wconf 89' lang='grc'>32,</span> <span class='ocrx_word' id='word_1_118' title='bbox 1071 524 1103 557; x_wconf 90' lang='grc'>9.</span> 
     </span>
    </p>

    <p class='ocr_par' dir='ltr' id='par_1_5' title="bbox 135 567 1347 658">
     <span class='ocr_line' id='line_1_10' title="bbox 168 567 1347 647; baseline 0 -45"><span class='ocrx_word' id='word_1_119' title='bbox 168 568 307 647; x_wconf 54' lang='grc' dir='ltr'>γᾱῃῖῐὲ</span> <span class='ocrx_word' id='word_1_120' title='bbox 318 568 375 647; x_wconf 48' lang='grc'>4145,</span> <span class='ocrx_word' id='word_1_121' title='bbox 390 568 526 647; x_wconf 57' lang='grc'>411-42</span> <span class='ocrx_word' id='word_1_122' title='bbox 564 567 691 603; x_wconf 77' lang='lat' dir='ltr'>dedita</span> <span class='ocrx_word' id='word_1_123' title='bbox 710 578 754 602; x_wconf 87' lang='lat' dir='ltr'>ac</span> <span class='ocrx_word' id='word_1_124' title='bbox 775 567 825 601; x_wconf 91' lang='lat' dir='ltr'>di-</span> <span class='ocrx_word' id='word_1_125' title='bbox 854 568 1011 613; x_wconf 88' lang='lat' dir='ltr'>Pythius</span> <span class='ocrx_word' id='word_1_126' title='bbox 1023 568 1159 614; x_wconf 90' lang='lat' dir='ltr'>Apollo</span> <span class='ocrx_word' id='word_1_127' title='bbox 1173 568 1228 612; x_wconf 87' lang='grc'>23,</span> <span class='ocrx_word' id='word_1_128' title='bbox 1245 569 1300 612; x_wconf 93' lang='grc'>11,</span> <span class='ocrx_word' id='word_1_129' title='bbox 1315 568 1347 602; x_wconf 93' lang='grc'>3.</span> 
     </span>
     <span class='ocr_line' id='line_1_11' title="bbox 135 616 430 658; baseline 0 -11"><span class='ocrx_word' id='word_1_130' title='bbox 135 616 242 658; x_wconf 84' lang='lat' dir='ltr'>repta</span> <span class='ocrx_word' id='word_1_131' title='bbox 302 639 309 656; x_wconf 90' lang='lat'>‚</span> <span class='ocrx_word' id='word_1_132' title='bbox 373 639 382 656; x_wconf 83' lang='lat'>‚</span> <span class='ocrx_word' id='word_1_133' title='bbox 422 639 430 647; x_wconf 90' lang='lat'>.</span> 
     </span>
    </p>
   </div>
   <div class='ocr_carea' id='block_1_3' title="bbox 111 657 1565 975">
    <p class='ocr_par' dir='ltr' id='par_1_6' title="bbox 111 657 1565 975">
     <span class='ocr_line' id='line_1_12' title="bbox 112 657 1565 703; baseline -0.001 -10"><span class='ocrx_word' id='word_1_134' title='bbox 112 657 283 703; x_wconf 86' lang='lat' dir='ltr'>Pydnaei</span> <span class='ocrx_word' id='word_1_135' title='bbox 295 658 352 701; x_wconf 84' lang='lat'>44,</span> <span class='ocrx_word' id='word_1_136' title='bbox 366 658 422 701; x_wconf 88' lang='lat'>45,</span> <span class='ocrx_word' id='word_1_137' title='bbox 438 658 470 692; x_wconf 88' lang='grc'>6.</span> <span class='ocrx_word' id='word_1_138' title='bbox 855 657 1088 699; x_wconf 85' lang='lat' dir='ltr'>Quadrantes</span> <span class='ocrx_word' id='word_1_139' title='bbox 1124 659 1162 692; x_wconf 93' lang='lat' dir='ltr'>in</span> <span class='ocrx_word' id='word_1_140' title='bbox 1198 658 1345 693; x_wconf 86' lang='lat' dir='ltr'>domum</span> <span class='ocrx_word' id='word_1_141' title='bbox 1368 658 1510 694; x_wconf 87' lang='lat' dir='ltr'>Valerii</span> <span class='ocrx_word' id='word_1_142' title='bbox 1543 671 1565 692; x_wconf 92' lang='lat' dir='ltr'>a</span> 
     </span>
     <span class='ocr_line' id='line_1_13' title="bbox 111 701 1564 749; baseline 0.001 -12"><span class='ocrx_word' id='word_1_143' title='bbox 111 703 259 749; x_wconf 82' lang='lat' dir='ltr'>Pygela</span> <span class='ocrx_word' id='word_1_144' title='bbox 275 706 403 747; x_wconf 88' lang='lat' dir='ltr'>portus</span> <span class='ocrx_word' id='word_1_145' title='bbox 415 703 470 747; x_wconf 91' lang='lat'>37,</span> <span class='ocrx_word' id='word_1_146' title='bbox 486 703 540 748; x_wconf 89' lang='lat'><strong>11,</strong></span> <span class='ocrx_word' id='word_1_147' title='bbox 553 701 590 738; x_wconf 88' lang='grc'>5.</span> <span class='ocrx_word' id='word_1_148' title='bbox 875 703 984 748; x_wconf 83' lang='lat' dir='ltr'>plebe</span> <span class='ocrx_word' id='word_1_149' title='bbox 1004 704 1199 748; x_wconf 89' lang='lat' dir='ltr'>iactantur,</span> <span class='ocrx_word' id='word_1_150' title='bbox 1222 715 1293 748; x_wconf 90' lang='lat' dir='ltr'>quo</span> <span class='ocrx_word' id='word_1_151' title='bbox 1314 704 1490 749; x_wconf 88' lang='lat' dir='ltr'>ampliore</span> <span class='ocrx_word' id='word_1_152' title='bbox 1509 703 1564 738; x_wconf 92' lang='lat' dir='ltr'>fu-</span> 
     </span>
     <span class='ocr_line' id='line_1_14' title="bbox 112 748 1337 793; baseline 0.001 -11"><span class='ocrx_word' id='word_1_153' title='bbox 112 749 232 793; x_wconf 87' lang='lat' dir='ltr'>Pylae</span> <span class='ocrx_word' id='word_1_154' title='bbox 245 748 300 791; x_wconf 90' lang='lat'>32,</span> <span class='ocrx_word' id='word_1_155' title='bbox 315 748 348 791; x_wconf 90' lang='lat'>4,</span> <span class='ocrx_word' id='word_1_156' title='bbox 364 748 396 781; x_wconf 90' lang='lat'><strong>3.</strong></span> <span class='ocrx_word' id='word_1_157' title='bbox 876 760 964 783; x_wconf 88' lang='lat' dir='ltr'>nere</span> <span class='ocrx_word' id='word_1_158' title='bbox 979 748 1153 783; x_wconf 84' lang='lat' dir='ltr'>efferatur</span> <span class='ocrx_word' id='word_1_159' title='bbox 1165 749 1197 792; x_wconf 92' lang='lat'>3,</span> <span class='ocrx_word' id='word_1_160' title='bbox 1213 750 1267 791; x_wconf 88' lang='lat'>18,</span> <span class='ocrx_word' id='word_1_161' title='bbox 1284 750 1337 783; x_wconf 90' lang='grc'>11.</span> 
     </span>
     <span class='ocr_line' id='line_1_15' title="bbox 113 793 1411 840; baseline 0.001 -13"><span class='ocrx_word' id='word_1_162' title='bbox 113 793 358 838; x_wconf 83' lang='lat' dir='ltr'>Pylaemenes</span> <span class='ocrx_word' id='word_1_163' title='bbox 371 793 530 827; x_wconf 90' lang='lat' dir='ltr'>Enetum</span> <span class='ocrx_word' id='word_1_164' title='bbox 543 804 606 827; x_wconf 84' lang='lat' dir='ltr'>rex</span> <span class='ocrx_word' id='word_1_165' title='bbox 619 794 650 835; x_wconf 91' lang='lat'>1,</span> <span class='ocrx_word' id='word_1_166' title='bbox 666 793 698 837; x_wconf 88' lang='lat'>1,</span> <span class='ocrx_word' id='word_1_167' title='bbox 712 793 746 826; x_wconf 90' lang='grc'>2.</span> <span class='ocrx_word' id='word_1_168' title='bbox 855 793 1074 840; x_wconf 80' lang='lat' dir='ltr'>Quadrigati</span> <span class='ocrx_word' id='word_1_169' title='bbox 1087 794 1225 827; x_wconf 90' lang='lat' dir='ltr'>nummi</span> <span class='ocrx_word' id='word_1_170' title='bbox 1237 794 1293 837; x_wconf 88' lang='lat'>22,</span> <span class='ocrx_word' id='word_1_171' title='bbox 1308 795 1363 835; x_wconf 80' lang='grc'>52,</span> <span class='ocrx_word' id='word_1_172' title='bbox 1377 795 1411 828; x_wconf 90' lang='grc'>2.</span> 
     </span>
     <span class='ocr_line' id='line_1_16' title="bbox 112 838 1565 884; baseline 0.001 -12"><span class='ocrx_word' id='word_1_173' title='bbox 112 838 307 883; x_wconf 82' lang='lat' dir='ltr'>Pylaicum</span> <span class='ocrx_word' id='word_1_174' title='bbox 332 838 527 873; x_wconf 90' lang='lat' dir='ltr'>concilium</span> <span class='ocrx_word' id='word_1_175' title='bbox 550 838 606 882; x_wconf 87' lang='lat'>31,</span> <span class='ocrx_word' id='word_1_176' title='bbox 626 838 681 883; x_wconf 90' lang='lat'>32,</span> <span class='ocrx_word' id='word_1_177' title='bbox 702 838 743 882; x_wconf 89' lang='grc'>3,</span> <span class='ocrx_word' id='word_1_178' title='bbox 771 838 826 882; x_wconf 88' lang='grc'>33,</span> <span class='ocrx_word' id='word_1_179' title='bbox 855 839 1052 884; x_wconf 79' lang='lat' dir='ltr'>Quadi-igis</span> <span class='ocrx_word' id='word_1_180' title='bbox 1093 839 1235 873; x_wconf 89' lang='lat' dir='ltr'>duabus</span> <span class='ocrx_word' id='word_1_181' title='bbox 1276 839 1384 874; x_wconf 87' lang='lat' dir='ltr'>Metti</span> <span class='ocrx_word' id='word_1_182' title='bbox 1427 838 1565 873; x_wconf 88' lang='lat' dir='ltr'>Fufetii</span> 
     </span>
     <span class='ocr_line' id='line_1_17' title="bbox 135 884 1563 928; baseline 0 -10"><span class='ocrx_word' id='word_1_183' title='bbox 135 884 191 927; x_wconf 89' lang='lat'>35,</span> <span class='ocrx_word' id='word_1_184' title='bbox 206 885 238 918; x_wconf 84' lang='lat'>8.</span> <span class='ocrx_word' id='word_1_185' title='bbox 876 895 1007 928; x_wconf 89' lang='lat' dir='ltr'>corpus</span> <span class='ocrx_word' id='word_1_186' title='bbox 1033 884 1275 919; x_wconf 85' lang='lat' dir='ltr'>dilaceratum</span> <span class='ocrx_word' id='word_1_187' title='bbox 1298 885 1329 927; x_wconf 92' lang='lat'>1,</span> <span class='ocrx_word' id='word_1_188' title='bbox 1344 884 1460 928; x_wconf 86' lang='lat'><strong>28,10</strong></span> <span class='ocrx_word' id='word_1_189' title='bbox 1483 885 1563 918; x_wconf 81' lang='lat' dir='ltr'>mit-</span> 
     </span>
     <span class='ocr_line' id='line_1_18' title="bbox 113 929 1565 975; baseline 0 -12"><span class='ocrx_word' id='word_1_190' title='bbox 113 929 230 974; x_wconf 87' lang='lat' dir='ltr'>Pylus</span> <span class='ocrx_word' id='word_1_191' title='bbox 245 929 300 970; x_wconf 84' lang='lat'>27,</span> <span class='ocrx_word' id='word_1_192' title='bbox 317 929 372 973; x_wconf 91' lang='lat'>30,</span> <span class='ocrx_word' id='word_1_193' title='bbox 389 929 443 963; x_wconf 84' lang='lat'>13.</span> <span class='ocrx_word' id='word_1_194' title='bbox 876 929 996 964; x_wconf 88' lang='lat' dir='ltr'>tendis</span> <span class='ocrx_word' id='word_1_195' title='bbox 1039 933 1188 974; x_wconf 84' lang='lat' dir='ltr'>praetor</span> <span class='ocrx_word' id='word_1_196' title='bbox 1235 929 1381 975; x_wconf 83' lang='lat' dir='ltr'>signum</span> <span class='ocrx_word' id='word_1_197' title='bbox 1422 929 1487 963; x_wconf 85' lang='lat' dir='ltr'>dat</span> <span class='ocrx_word' id='word_1_198' title='bbox 1527 929 1565 963; x_wconf 90' lang='grc'>111</span> 
     </span>
    </p>
   </div>
   <div class='ocr_carea' id='block_1_4' title="bbox 111 973 1566 1155">
    <p class='ocr_par' dir='ltr' id='par_1_7' title="bbox 111 973 1566 1155">
     <span class='ocr_line' id='line_1_19' title="bbox 112 973 1565 1019; baseline -0.001 -11"><span class='ocrx_word' id='word_1_199' title='bbox 112 974 214 1019; x_wconf 86' lang='lat' dir='ltr'>Pyra</span> <span class='ocrx_word' id='word_1_200' title='bbox 228 974 265 1008; x_wconf 90' lang='lat' dir='ltr'>in</span> <span class='ocrx_word' id='word_1_201' title='bbox 281 973 374 1009; x_wconf 87' lang='lat' dir='ltr'>Oeta</span> <span class='ocrx_word' id='word_1_202' title='bbox 388 978 509 1008; x_wconf 89' lang='lat' dir='ltr'>monte</span> <span class='ocrx_word' id='word_1_203' title='bbox 523 974 578 1017; x_wconf 90' lang='lat'>36,</span> <span class='ocrx_word' id='word_1_204' title='bbox 593 974 648 1017; x_wconf 88' lang='grc'>30,</span> <span class='ocrx_word' id='word_1_205' title='bbox 663 973 696 1007; x_wconf 88' lang='grc'>3.</span> <span class='ocrx_word' id='word_1_206' title='bbox 876 974 972 1008; x_wconf 85' lang='lat' dir='ltr'>ludis</span> <span class='ocrx_word' id='word_1_207' title='bbox 995 975 1034 1017; x_wconf 96' lang='lat'>8,</span> <span class='ocrx_word' id='word_1_208' title='bbox 1060 975 1122 1018; x_wconf 90' lang='grc'>40,</span> <span class='ocrx_word' id='word_1_209' title='bbox 1147 975 1169 1008; x_wconf 95' lang='grc'>2</span> <span class='ocrx_word' id='word_1_210' title='bbox 1207 975 1252 1008; x_wconf 86' lang='lat' dir='ltr'>ad</span> <span class='ocrx_word' id='word_1_211' title='bbox 1280 986 1344 1009; x_wconf 86' lang='lat' dir='ltr'>eas</span> <span class='ocrx_word' id='word_1_212' title='bbox 1367 974 1565 1009; x_wconf 85' lang='lat' dir='ltr'>mittendas</span> 
     </span>
     <span class='ocr_line' id='line_1_20' title="bbox 111 1019 1566 1065; baseline -0.001 -11"><span class='ocrx_word' id='word_1_213' title='bbox 111 1019 297 1064; x_wconf 83' lang='lat' dir='ltr'>Pyrenaei</span> <span class='ocrx_word' id='word_1_214' title='bbox 311 1023 452 1053; x_wconf 89' lang='lat' dir='ltr'>montes</span> <span class='ocrx_word' id='word_1_215' title='bbox 466 1020 520 1062; x_wconf 91' lang='lat'>21,</span> <span class='ocrx_word' id='word_1_216' title='bbox 531 1020 617 1062; x_wconf 89' lang='lat'><strong>23,2</strong></span> <span class='ocrx_word' id='word_1_217' title='bbox 637 1030 698 1053; x_wconf 89' lang='lat' dir='ltr'>eos</span> <span class='ocrx_word' id='word_1_218' title='bbox 711 1022 828 1052; x_wconf 81' lang='lat' dir='ltr'>trans·</span> <span class='ocrx_word' id='word_1_219' title='bbox 877 1019 1042 1054; x_wconf 80' lang='lat' dir='ltr'>escendit</span> <span class='ocrx_word' id='word_1_220' title='bbox 1062 1019 1189 1053; x_wconf 88' lang='lat' dir='ltr'>consul</span> <span class='ocrx_word' id='word_1_221' title='bbox 1207 1020 1263 1063; x_wconf 88' lang='lat'>45,</span> <span class='ocrx_word' id='word_1_222' title='bbox 1279 1021 1310 1063; x_wconf 89' lang='lat'>1,</span> <span class='ocrx_word' id='word_1_223' title='bbox 1325 1021 1346 1053; x_wconf 89' lang='lat'><strong>6</strong></span> <span class='ocrx_word' id='word_1_224' title='bbox 1377 1020 1566 1065; x_wconf 76' lang='lat' dir='ltr'>quadrigis</span> 
     </span>
     <span class='ocr_line' id='line_1_21' title="bbox 135 1064 1564 1110; baseline 0 -12"><span class='ocrx_word' id='word_1_225' title='bbox 135 1064 302 1110; x_wconf 83' lang='lat' dir='ltr'>greditur</span> <span class='ocrx_word' id='word_1_226' title='bbox 326 1064 516 1098; x_wconf 77' lang='lat' dir='ltr'>Hannibal</span> <span class='ocrx_word' id='word_1_227' title='bbox 536 1065 596 1107; x_wconf 89' lang='lat'>21,</span> <span class='ocrx_word' id='word_1_228' title='bbox 617 1064 663 1097; x_wconf 87' lang='lat'>24</span> <span class='ocrx_word' id='word_1_229' title='bbox 705 1075 828 1097; x_wconf 88' lang='lat' dir='ltr'>eorum</span> <span class='ocrx_word' id='word_1_230' title='bbox 876 1065 1005 1099; x_wconf 88' lang='lat' dir='ltr'>urbem</span> <span class='ocrx_word' id='word_1_231' title='bbox 1034 1065 1148 1098; x_wconf 78' lang='lat' dir='ltr'>intrat</span> <span class='ocrx_word' id='word_1_232' title='bbox 1176 1065 1422 1109; x_wconf 88' lang='lat' dir='ltr'>triumphator</span> <span class='ocrx_word' id='word_1_233' title='bbox 1450 1065 1505 1108; x_wconf 88' lang='lat'>28,</span> <span class='ocrx_word' id='word_1_234' title='bbox 1532 1065 1564 1108; x_wconf 87' lang='lat'><strong>9,</strong></span> 
     </span>
     <span class='ocr_line' id='line_1_22' title="bbox 134 1108 1564 1155; baseline 0 -13"><span class='ocrx_word' id='word_1_235' title='bbox 134 1113 262 1154; x_wconf 87' lang='lat' dir='ltr'>portus</span> <span class='ocrx_word' id='word_1_236' title='bbox 281 1110 336 1153; x_wconf 90' lang='lat'>34,</span> <span class='ocrx_word' id='word_1_237' title='bbox 357 1110 390 1154; x_wconf 86' lang='grc'>8,</span> <span class='ocrx_word' id='word_1_238' title='bbox 405 1110 426 1144; x_wconf 83' lang='grc'>5</span> <span class='ocrx_word' id='word_1_239' title='bbox 461 1108 753 1154; x_wconf 87' lang='lat' dir='ltr'>promunturium</span> <span class='ocrx_word' id='word_1_240' title='bbox 771 1109 826 1152; x_wconf 90' lang='grc'>26,</span> <span class='ocrx_word' id='word_1_241' title='bbox 878 1111 921 1144; x_wconf 90' lang='grc'>10</span> <span class='ocrx_word' id='word_1_242' title='bbox 933 1109 975 1143; x_wconf 89' lang='grc' dir='ltr'>Ρ.</span> <span class='ocrx_word' id='word_1_243' title='bbox 1013 1109 1215 1155; x_wconf 81' lang='lat' dir='ltr'>quadrigae</span> <span class='ocrx_word' id='word_1_244' title='bbox 1239 1110 1277 1144; x_wconf 87' lang='lat' dir='ltr'>in</span> <span class='ocrx_word' id='word_1_245' title='bbox 1296 1110 1471 1155; x_wconf 87' lang='lat' dir='ltr'>Capitolii</span> <span class='ocrx_word' id='word_1_246' title='bbox 1490 1109 1564 1144; x_wconf 91' lang='lat' dir='ltr'>cul-</span> 
     </span>
    </p>
   </div>
   <div class='ocr_carea' id='block_1_5' title="bbox 111 1155 1566 1514">
    <p class='ocr_par' dir='ltr' id='par_1_8' title="bbox 112 1155 1566 1335">
     <span class='ocr_line' id='line_1_23' title="bbox 138 1155 1566 1199; baseline 0 -11"><span class='ocrx_word' id='word_1_247' title='bbox 138 1155 192 1197; x_wconf 92' lang='lat'>19,</span> <span class='ocrx_word' id='word_1_248' title='bbox 209 1155 263 1188; x_wconf 90' lang='grc'>11.</span> <span class='ocrx_word' id='word_1_249' title='bbox 876 1155 973 1190; x_wconf 84' lang='grc'>1111116</span> <span class='ocrx_word' id='word_1_250' title='bbox 992 1155 1135 1199; x_wconf 81' lang='lat' dir='ltr'>positae</span> <span class='ocrx_word' id='word_1_251' title='bbox 1155 1156 1209 1197; x_wconf 89' lang='lat'>10,</span> <span class='ocrx_word' id='word_1_252' title='bbox 1230 1155 1344 1198; x_wconf 90' lang='lat'><strong>23,12</strong></span> <span class='ocrx_word' id='word_1_253' title='bbox 1376 1166 1509 1189; x_wconf 82' lang='lat' dir='ltr'>aureae</span> <span class='ocrx_word' id='word_1_254' title='bbox 1529 1155 1566 1188; x_wconf 91' lang='lat' dir='ltr'>in</span> 
     </span>
     <span class='ocr_line' id='line_1_24' title="bbox 112 1199 1564 1245; baseline 0 -13"><span class='ocrx_word' id='word_1_255' title='bbox 112 1199 231 1244; x_wconf 83' lang='lat' dir='ltr'>Pyrgi</span> <span class='ocrx_word' id='word_1_256' title='bbox 245 1199 389 1233; x_wconf 88' lang='lat' dir='ltr'>colonia</span> <span class='ocrx_word' id='word_1_257' title='bbox 403 1200 458 1242; x_wconf 89' lang='lat'>36,</span> <span class='ocrx_word' id='word_1_258' title='bbox 475 1200 507 1241; x_wconf 92' lang='grc'>3,</span> <span class='ocrx_word' id='word_1_259' title='bbox 524 1200 556 1234; x_wconf 87' lang='grc'>6.</span> <span class='ocrx_word' id='word_1_260' title='bbox 877 1200 1061 1245; x_wconf 89' lang='lat' dir='ltr'>Capitolio</span> <span class='ocrx_word' id='word_1_261' title='bbox 1074 1200 1218 1244; x_wconf 84' lang='lat' dir='ltr'>positae</span> <span class='ocrx_word' id='word_1_262' title='bbox 1231 1200 1287 1243; x_wconf 86' lang='lat'>29,</span> <span class='ocrx_word' id='word_1_263' title='bbox 1302 1200 1357 1243; x_wconf 87' lang='grc'>38,</span> <span class='ocrx_word' id='word_1_264' title='bbox 1372 1201 1393 1234; x_wconf 88' lang='grc'>8</span> <span class='ocrx_word' id='word_1_265' title='bbox 1418 1201 1564 1234; x_wconf 87' lang='lat' dir='ltr'>inaura-</span> 
     </span>
     <span class='ocr_line' id='line_1_25' title="bbox 112 1244 1565 1290; baseline -0.001 -11"><span class='ocrx_word' id='word_1_266' title='bbox 112 1244 260 1290; x_wconf 85' lang='lat' dir='ltr'>Pyrgus</span> <span class='ocrx_word' id='word_1_267' title='bbox 275 1245 469 1279; x_wconf 82' lang='lat' dir='ltr'>castellum</span> <span class='ocrx_word' id='word_1_268' title='bbox 482 1245 537 1288; x_wconf 77' lang='lat'>27,</span> <span class='ocrx_word' id='word_1_269' title='bbox 553 1245 606 1286; x_wconf 82' lang='lat'>32,</span> <span class='ocrx_word' id='word_1_270' title='bbox 624 1245 655 1278; x_wconf 94' lang='lat'>7.</span> <span class='ocrx_word' id='word_1_271' title='bbox 876 1249 937 1280; x_wconf 91' lang='lat' dir='ltr'>tae</span> <span class='ocrx_word' id='word_1_272' title='bbox 957 1245 995 1278; x_wconf 94' lang='lat' dir='ltr'>in</span> <span class='ocrx_word' id='word_1_273' title='bbox 1014 1244 1198 1289; x_wconf 88' lang='lat' dir='ltr'>Capitolio</span> <span class='ocrx_word' id='word_1_274' title='bbox 1217 1246 1360 1289; x_wconf 82' lang='lat' dir='ltr'>positae</span> <span class='ocrx_word' id='word_1_275' title='bbox 1379 1246 1434 1290; x_wconf 89' lang='lat'>35,</span> <span class='ocrx_word' id='word_1_276' title='bbox 1449 1246 1504 1289; x_wconf 88' lang='lat'><strong>41,</strong></span> <span class='ocrx_word' id='word_1_277' title='bbox 1522 1246 1565 1278; x_wconf 87' lang='grc'>10</span> 
     </span>
     <span class='ocr_line' id='line_1_26' title="bbox 116 1290 1413 1335; baseline 0.001 -12"><span class='ocrx_word' id='word_1_278' title='bbox 116 1290 320 1335; x_wconf 82' lang='lat' dir='ltr'>Pyrrheum</span> <span class='ocrx_word' id='word_1_279' title='bbox 335 1290 558 1324; x_wconf 82' lang='lat' dir='ltr'>Ambraciae</span> <span class='ocrx_word' id='word_1_280' title='bbox 573 1290 628 1331; x_wconf 77' lang='grc'>38,</span> <span class='ocrx_word' id='word_1_281' title='bbox 644 1290 676 1333; x_wconf 91' lang='grc'>5,</span> <span class='ocrx_word' id='word_1_282' title='bbox 691 1290 723 1323; x_wconf 93' lang='lat'><strong>2.</strong></span> <span class='ocrx_word' id='word_1_283' title='bbox 876 1290 1039 1324; x_wconf 85' lang='lat' dir='ltr'>falcatae</span> <span class='ocrx_word' id='word_1_284' title='bbox 1051 1290 1227 1324; x_wconf 85' lang='lat' dir='ltr'>Antiochi</span> <span class='ocrx_word' id='word_1_285' title='bbox 1241 1291 1296 1333; x_wconf 91' lang='lat'>37,</span> <span class='ocrx_word' id='word_1_286' title='bbox 1309 1291 1365 1333; x_wconf 88' lang='lat'>41,</span> <span class='ocrx_word' id='word_1_287' title='bbox 1381 1292 1413 1324; x_wconf 89' lang='lat'>6.</span> 
     </span>
    </p>

    <p class='ocr_par' dir='ltr' id='par_1_9' title="bbox 112 1334 1566 1380">
     <span class='ocr_line' id='line_1_27' title="bbox 112 1334 1566 1380; baseline 0.001 -12"><span class='ocrx_word' id='word_1_288' title='bbox 112 1335 246 1380; x_wconf 79' lang='lat' dir='ltr'>Pyrrhi</span> <span class='ocrx_word' id='word_1_289' title='bbox 260 1339 382 1368; x_wconf 86' lang='lat' dir='ltr'>castra</span> <span class='ocrx_word' id='word_1_290' title='bbox 395 1335 495 1369; x_wconf 87' lang='lat' dir='ltr'>locus</span> <span class='ocrx_word' id='word_1_291' title='bbox 510 1335 547 1369; x_wconf 90' lang='grc'>111</span> <span class='ocrx_word' id='word_1_292' title='bbox 561 1334 758 1380; x_wconf 82' lang='lat' dir='ltr'>Triphylia</span> <span class='ocrx_word' id='word_1_293' title='bbox 770 1334 825 1377; x_wconf 89' lang='lat'>32,</span> <span class='ocrx_word' id='word_1_294' title='bbox 854 1334 1196 1379; x_wconf 59' lang='lat' dir='ltr'>Quadringenta-iae</span> <span class='ocrx_word' id='word_1_295' title='bbox 1221 1336 1389 1370; x_wconf 83' lang='lat' dir='ltr'>cohortes</span> <span class='ocrx_word' id='word_1_296' title='bbox 1415 1335 1446 1380; x_wconf 92' lang='lat'><strong>7,</strong></span> <span class='ocrx_word' id='word_1_297' title='bbox 1468 1336 1500 1380; x_wconf 92' lang='lat'><strong>7,</strong></span> <span class='ocrx_word' id='word_1_298' title='bbox 1525 1336 1566 1379; x_wconf 89' lang='grc'>4,</span> 
     </span>
    </p>

    <p class='ocr_par' dir='ltr' id='par_1_10' title="bbox 138 1380 1047 1423">
     <span class='ocr_line' id='line_1_28' title="bbox 138 1380 1047 1423; baseline 0 -10"><span class='ocrx_word' id='word_1_299' title='bbox 138 1381 191 1423; x_wconf 86' lang='grc'>13,</span> <span class='ocrx_word' id='word_1_300' title='bbox 207 1380 245 1422; x_wconf 92' lang='grc'>2,</span> <span class='ocrx_word' id='word_1_301' title='bbox 267 1380 321 1422; x_wconf 86' lang='grc'>35,</span> <span class='ocrx_word' id='word_1_302' title='bbox 339 1380 394 1423; x_wconf 88' lang='lat'>27,</span> <span class='ocrx_word' id='word_1_303' title='bbox 411 1380 465 1413; x_wconf 87' lang='lat'>14.</span> <span class='ocrx_word' id='word_1_304' title='bbox 877 1380 930 1423; x_wconf 92' lang='grc'>10,</span> <span class='ocrx_word' id='word_1_305' title='bbox 945 1380 1000 1423; x_wconf 87' lang='grc'>40,</span> <span class='ocrx_word' id='word_1_306' title='bbox 1016 1382 1047 1413; x_wconf 84' lang='grc'>6.</span> 
     </span>
    </p>

    <p class='ocr_par' dir='ltr' id='par_1_11' title="bbox 111 1424 1566 1514">
     <span class='ocr_line' id='line_1_29' title="bbox 111 1424 1293 1470; baseline -0.001 -11"><span class='ocrx_word' id='word_1_307' title='bbox 111 1425 289 1470; x_wconf 82' lang='lat' dir='ltr'>Pyrrhias</span> <span class='ocrx_word' id='word_1_308' title='bbox 301 1424 518 1459; x_wconf 84' lang='lat' dir='ltr'>Aetolorum</span> <span class='ocrx_word' id='word_1_309' title='bbox 537 1427 686 1468; x_wconf 89' lang='lat' dir='ltr'>praetor</span> <span class='ocrx_word' id='word_1_310' title='bbox 705 1424 761 1467; x_wconf 87' lang='lat'>27,</span> <span class='ocrx_word' id='word_1_311' title='bbox 783 1424 828 1458; x_wconf 83' lang='lat'><strong>30</strong></span> <span class='ocrx_word' id='word_1_312' title='bbox 854 1424 1129 1468; x_wconf 83' lang='lat' dir='ltr'>Quadruplator</span> <span class='ocrx_word' id='word_1_313' title='bbox 1141 1425 1174 1467; x_wconf 88' lang='lat'>3,</span> <span class='ocrx_word' id='word_1_314' title='bbox 1190 1425 1243 1468; x_wconf 83' lang='lat'>72,</span> <span class='ocrx_word' id='word_1_315' title='bbox 1259 1426 1293 1458; x_wconf 88' lang='lat'><strong>4.</strong></span> 
     </span>
     <span class='ocr_line' id='line_1_30' title="bbox 135 1469 1566 1514; baseline 0.001 -11"><span class='ocrx_word' id='word_1_316' title='bbox 135 1470 306 1514; x_wconf 85' lang='lat' dir='ltr'>princeps</span> <span class='ocrx_word' id='word_1_317' title='bbox 321 1469 518 1514; x_wconf 83' lang='lat' dir='ltr'>legationis</span> <span class='ocrx_word' id='word_1_318' title='bbox 531 1470 587 1512; x_wconf 87' lang='lat'>31,</span> <span class='ocrx_word' id='word_1_319' title='bbox 601 1470 657 1512; x_wconf 88' lang='lat'>46,</span> <span class='ocrx_word' id='word_1_320' title='bbox 672 1469 704 1502; x_wconf 91' lang='lat'><strong>2.</strong></span> <span class='ocrx_word' id='word_1_321' title='bbox 854 1469 1029 1510; x_wconf 82' lang='lat' dir='ltr'>Quaestio</span> <span class='ocrx_word' id='word_1_322' title='bbox 1039 1469 1084 1503; x_wconf 89' lang='lat' dir='ltr'>de</span> <span class='ocrx_word' id='word_1_323' title='bbox 1091 1469 1334 1504; x_wconf 87' lang='lat' dir='ltr'>Postumiana</span> <span class='ocrx_word' id='word_1_324' title='bbox 1342 1470 1456 1505; x_wconf 88' lang='lat' dir='ltr'>caede</span> <span class='ocrx_word' id='word_1_325' title='bbox 1466 1470 1566 1504; x_wconf 84' lang='lat' dir='ltr'>iussu</span> 
     </span>
    </p>
   </div>
   <div class='ocr_carea' id='block_1_6' title="bbox 112 1514 1573 2642">
    <p class='ocr_par' dir='ltr' id='par_1_12' title="bbox 112 1514 1573 2406">
     <span class='ocr_line' id='line_1_31' title="bbox 112 1514 1564 1560; baseline 0 -11"><span class='ocrx_word' id='word_1_326' title='bbox 112 1515 275 1560; x_wconf 86' lang='lat' dir='ltr'>Pyrrhus</span> <span class='ocrx_word' id='word_1_327' title='bbox 290 1514 525 1558; x_wconf 87' lang='lat' dir='ltr'>Epirotarum</span> <span class='ocrx_word' id='word_1_328' title='bbox 537 1525 601 1549; x_wconf 83' lang='lat' dir='ltr'>rex</span> <span class='ocrx_word' id='word_1_329' title='bbox 614 1514 826 1548; x_wconf 81' lang='lat' dir='ltr'>Tarentinis</span> <span class='ocrx_word' id='word_1_330' title='bbox 875 1514 995 1558; x_wconf 90' lang='lat' dir='ltr'>plebis</span> <span class='ocrx_word' id='word_1_331' title='bbox 1014 1514 1212 1548; x_wconf 86' lang='lat' dir='ltr'>mandatur</span> <span class='ocrx_word' id='word_1_332' title='bbox 1230 1515 1442 1549; x_wconf 89' lang='lat' dir='ltr'>consulibus</span> <span class='ocrx_word' id='word_1_333' title='bbox 1460 1516 1494 1559; x_wconf 91' lang='lat'>4,</span> <span class='ocrx_word' id='word_1_334' title='bbox 1509 1516 1564 1558; x_wconf 89' lang='lat'>51,</span> 
     </span>
     <span class='ocr_line' id='line_1_32' title="bbox 136 1558 1573 1604; baseline 0 -10"><span class='ocrx_word' id='word_1_335' title='bbox 136 1572 244 1604; x_wconf 88' lang='lat' dir='ltr'>opem</span> <span class='ocrx_word' id='word_1_336' title='bbox 263 1559 334 1594; x_wconf 90' lang='lat' dir='ltr'>fert</span> <span class='ocrx_word' id='word_1_337' title='bbox 348 1560 389 1593; x_wconf 89' lang='lat' dir='ltr'>P.</span> <span class='ocrx_word' id='word_1_338' title='bbox 406 1560 449 1593; x_wconf 90' lang='lat'>12</span> <span class='ocrx_word' id='word_1_339' title='bbox 463 1559 508 1594; x_wconf 86' lang='lat' dir='ltr'>cf.</span> <span class='ocrx_word' id='word_1_340' title='bbox 531 1560 562 1603; x_wconf 91' lang='lat'><strong>7,</strong></span> <span class='ocrx_word' id='word_1_341' title='bbox 576 1560 632 1602; x_wconf 90' lang='lat'>29,</span> <span class='ocrx_word' id='word_1_342' title='bbox 649 1559 670 1592; x_wconf 92' lang='grc'>2</span> <span class='ocrx_word' id='word_1_343' title='bbox 694 1559 826 1593; x_wconf 87' lang='lat' dir='ltr'>Roma-</span> <span class='ocrx_word' id='word_1_344' title='bbox 875 1560 896 1593; x_wconf 88' lang='lat'>3</span> <span class='ocrx_word' id='word_1_345' title='bbox 921 1571 965 1594; x_wconf 83' lang='lat' dir='ltr'>ex</span> <span class='ocrx_word' id='word_1_346' title='bbox 985 1558 1080 1594; x_wconf 84' lang='lat' dir='ltr'>SCto</span> <span class='ocrx_word' id='word_1_347' title='bbox 1100 1560 1230 1594; x_wconf 85' lang='lat' dir='ltr'>habita</span> <span class='ocrx_word' id='word_1_348' title='bbox 1248 1571 1271 1593; x_wconf 84' lang='lat' dir='ltr'>a</span> <span class='ocrx_word' id='word_1_349' title='bbox 1289 1560 1501 1594; x_wconf 89' lang='lat' dir='ltr'>consulibus</span> <span class='ocrx_word' id='word_1_350' title='bbox 1521 1561 1573 1594; x_wconf 73' lang='lat' dir='ltr'>de&#39;</span> 
     </span>
     <span class='ocr_line' id='line_1_33' title="bbox 135 1604 1567 1650; baseline 0.001 -12"><span class='ocrx_word' id='word_1_351' title='bbox 135 1617 203 1639; x_wconf 87' lang='lat' dir='ltr'>nos</span> <span class='ocrx_word' id='word_1_352' title='bbox 227 1604 340 1638; x_wconf 90' lang='lat' dir='ltr'>vincit</span> <span class='ocrx_word' id='word_1_353' title='bbox 367 1605 523 1639; x_wconf 78' lang='lat' dir='ltr'>maxime</span> <span class='ocrx_word' id='word_1_354' title='bbox 549 1605 828 1649; x_wconf 82' lang='lat' dir='ltr'>elephantorum</span> <span class='ocrx_word' id='word_1_355' title='bbox 875 1604 1125 1638; x_wconf 84' lang='lat' dir='ltr'>Frusinatium</span> <span class='ocrx_word' id='word_1_356' title='bbox 1148 1605 1402 1640; x_wconf 84' lang='lat' dir='ltr'>coniuratione</span> <span class='ocrx_word' id='word_1_357' title='bbox 1422 1606 1477 1649; x_wconf 89' lang='lat'>10,</span> <span class='ocrx_word' id='word_1_358' title='bbox 1499 1607 1529 1650; x_wconf 89' lang='lat'><strong>1,</strong></span> <span class='ocrx_word' id='word_1_359' title='bbox 1545 1607 1567 1639; x_wconf 87' lang='lat'>3</span> 
     </span>
     <span class='ocr_line' id='line_1_34' title="bbox 136 1650 1566 1694; baseline 0.001 -11"><span class='ocrx_word' id='word_1_360' title='bbox 136 1654 275 1685; x_wconf 87' lang='lat' dir='ltr'>terrore</span> <span class='ocrx_word' id='word_1_361' title='bbox 288 1650 330 1683; x_wconf 94' lang='lat' dir='ltr'>P.</span> <span class='ocrx_word' id='word_1_362' title='bbox 343 1650 385 1683; x_wconf 89' lang='lat'>13</span> <span class='ocrx_word' id='word_1_363' title='bbox 409 1650 694 1694; x_wconf 87' lang='lat' dir='ltr'>populabundus</span> <span class='ocrx_word' id='word_1_364' title='bbox 708 1650 756 1684; x_wconf 88' lang='lat' dir='ltr'>ad</span> <span class='ocrx_word' id='word_1_365' title='bbox 769 1661 826 1683; x_wconf 89' lang='lat' dir='ltr'>ur·</span> <span class='ocrx_word' id='word_1_366' title='bbox 876 1654 978 1685; x_wconf 80' lang='lat' dir='ltr'>extra</span> <span class='ocrx_word' id='word_1_367' title='bbox 1003 1650 1168 1684; x_wconf 86' lang='lat' dir='ltr'>ordinem</span> <span class='ocrx_word' id='word_1_368' title='bbox 1198 1650 1243 1684; x_wconf 91' lang='lat' dir='ltr'>de</span> <span class='ocrx_word' id='word_1_369' title='bbox 1267 1650 1566 1685; x_wconf 69' lang='lat' dir='ltr'>Bacchanalibus</span> 
     </span>
     <span class='ocr_line' id='line_1_35' title="bbox 136 1694 1566 1741; baseline 0.001 -12"><span class='ocrx_word' id='word_1_370' title='bbox 136 1696 221 1729; x_wconf 88' lang='lat' dir='ltr'>bem</span> <span class='ocrx_word' id='word_1_371' title='bbox 256 1694 423 1739; x_wconf 86' lang='lat' dir='ltr'>procedit</span> <span class='ocrx_word' id='word_1_372' title='bbox 463 1695 552 1728; x_wconf 90' lang='lat' dir='ltr'>ibid.</span> <span class='ocrx_word' id='word_1_373' title='bbox 601 1695 678 1729; x_wconf 87' lang='grc'>51116</span> <span class='ocrx_word' id='word_1_374' title='bbox 708 1695 827 1739; x_wconf 89' lang='lat' dir='ltr'>pretio</span> <span class='ocrx_word' id='word_1_375' title='bbox 875 1695 1071 1729; x_wconf 87' lang='lat' dir='ltr'>mandatur</span> <span class='ocrx_word' id='word_1_376' title='bbox 1079 1695 1289 1729; x_wconf 85' lang='lat' dir='ltr'>consulibus</span> <span class='ocrx_word' id='word_1_377' title='bbox 1297 1696 1352 1738; x_wconf 85' lang='lat'>39,</span> <span class='ocrx_word' id='word_1_378' title='bbox 1364 1696 1566 1741; x_wconf 85' lang='lat' dir='ltr'>14,6quae—</span> 
     </span>
     <span class='ocr_line' id='line_1_36' title="bbox 138 1739 1565 1784; baseline 0.001 -10"><span class='ocrx_word' id='word_1_379' title='bbox 138 1739 303 1784; x_wconf 87' lang='lat' dir='ltr'>captivos</span> <span class='ocrx_word' id='word_1_380' title='bbox 335 1739 487 1774; x_wconf 81' lang='lat' dir='ltr'>remittit</span> <span class='ocrx_word' id='word_1_381' title='bbox 517 1739 606 1773; x_wconf 88' lang='lat' dir='ltr'>ibid.</span> <span class='ocrx_word' id='word_1_382' title='bbox 654 1740 828 1774; x_wconf 87' lang='lat' dir='ltr'>adversus</span> <span class='ocrx_word' id='word_1_383' title='bbox 876 1740 1055 1774; x_wconf 87' lang='lat' dir='ltr'>stionibus</span> <span class='ocrx_word' id='word_1_384' title='bbox 1087 1740 1298 1775; x_wconf 79' lang='lat' dir='ltr'>exercendis</span> <span class='ocrx_word' id='word_1_385' title='bbox 1331 1741 1489 1776; x_wconf 89' lang='lat' dir='ltr'>dictator</span> <span class='ocrx_word' id='word_1_386' title='bbox 1514 1742 1565 1775; x_wconf 92' lang='lat' dir='ltr'>di-</span> 
     </span>
     <span class='ocr_line' id='line_1_37' title="bbox 137 1784 1567 1830; baseline 0.001 -10"><span class='ocrx_word' id='word_1_387' title='bbox 137 1796 221 1820; x_wconf 90' lang='lat' dir='ltr'>eum</span> <span class='ocrx_word' id='word_1_388' title='bbox 234 1784 345 1818; x_wconf 90' lang='lat' dir='ltr'>dubio</span> <span class='ocrx_word' id='word_1_389' title='bbox 365 1788 499 1819; x_wconf 88' lang='lat' dir='ltr'>eventu</span> <span class='ocrx_word' id='word_1_390' title='bbox 516 1788 722 1830; x_wconf 84' lang='lat' dir='ltr'>pugnatum</span> <span class='ocrx_word' id='word_1_391' title='bbox 740 1785 827 1819; x_wconf 88' lang='lat' dir='ltr'>ibid.</span> <span class='ocrx_word' id='word_1_392' title='bbox 877 1789 957 1819; x_wconf 89' lang='lat' dir='ltr'>ctus</span> <span class='ocrx_word' id='word_1_393' title='bbox 970 1786 1002 1828; x_wconf 88' lang='grc'>9,</span> <span class='ocrx_word' id='word_1_394' title='bbox 1017 1786 1072 1827; x_wconf 87' lang='grc'>26,</span> <span class='ocrx_word' id='word_1_395' title='bbox 1089 1786 1109 1819; x_wconf 90' lang='grc'>6</span> <span class='ocrx_word' id='word_1_396' title='bbox 1146 1797 1213 1820; x_wconf 87' lang='lat' dir='ltr'>eae</span> <span class='ocrx_word' id='word_1_397' title='bbox 1240 1797 1262 1820; x_wconf 91' lang='lat' dir='ltr'>a</span> <span class='ocrx_word' id='word_1_398' title='bbox 1286 1786 1416 1830; x_wconf 83' lang='lat' dir='ltr'>Capua</span> <span class='ocrx_word' id='word_1_399' title='bbox 1439 1798 1567 1821; x_wconf 85' lang='lat' dir='ltr'>versae</span> 
     </span>
     <span class='ocr_line' id='line_1_38' title="bbox 137 1829 1567 1874; baseline 0.001 -10"><span class='ocrx_word' id='word_1_400' title='bbox 137 1831 186 1864; x_wconf 89' lang='lat' dir='ltr'>ad</span> <span class='ocrx_word' id='word_1_401' title='bbox 216 1842 300 1865; x_wconf 90' lang='lat' dir='ltr'>eum</span> <span class='ocrx_word' id='word_1_402' title='bbox 324 1829 518 1874; x_wconf 83' lang='lat' dir='ltr'>transfuga</span> <span class='ocrx_word' id='word_1_403' title='bbox 541 1830 731 1872; x_wconf 88' lang='lat' dir='ltr'>remissus,</span> <span class='ocrx_word' id='word_1_404' title='bbox 766 1830 828 1874; x_wconf 91' lang='lat' dir='ltr'>qui</span> <span class='ocrx_word' id='word_1_405' title='bbox 876 1830 1033 1864; x_wconf 85' lang='lat' dir='ltr'>Romam</span> <span class='ocrx_word' id='word_1_406' title='bbox 1045 1831 1082 1864; x_wconf 89' lang='grc'>111</span> <span class='ocrx_word' id='word_1_407' title='bbox 1096 1841 1158 1864; x_wconf 88' lang='grc'>605</span> <span class='ocrx_word' id='word_1_408' title='bbox 1173 1830 1232 1874; x_wconf 90' lang='lat' dir='ltr'>qui</span> <span class='ocrx_word' id='word_1_409' title='bbox 1254 1842 1410 1874; x_wconf 87' lang='lat' dir='ltr'>usquam</span> <span class='ocrx_word' id='word_1_410' title='bbox 1423 1831 1461 1864; x_wconf 88' lang='lat' dir='ltr'>in</span> <span class='ocrx_word' id='word_1_411' title='bbox 1473 1843 1567 1866; x_wconf 89' lang='lat' dir='ltr'>rem-</span> 
     </span>
     <span class='ocr_line' id='line_1_39' title="bbox 136 1875 1566 1919; baseline 0 -9"><span class='ocrx_word' id='word_1_412' title='bbox 136 1885 278 1910; x_wconf 88' lang='lat' dir='ltr'>veneno</span> <span class='ocrx_word' id='word_1_413' title='bbox 310 1885 392 1909; x_wconf 88' lang='lat' dir='ltr'>eum</span> <span class='ocrx_word' id='word_1_414' title='bbox 423 1875 652 1908; x_wconf 86' lang='lat' dir='ltr'>sublaturum</span> <span class='ocrx_word' id='word_1_415' title='bbox 687 1875 827 1919; x_wconf 83' lang='lat' dir='ltr'>pollici·</span> <span class='ocrx_word' id='word_1_416' title='bbox 877 1875 1063 1919; x_wconf 89' lang='lat' dir='ltr'>publicam</span> <span class='ocrx_word' id='word_1_417' title='bbox 1071 1876 1323 1910; x_wconf 87' lang='lat' dir='ltr'>coniurassent</span> <span class='ocrx_word' id='word_1_418' title='bbox 1335 1875 1413 1909; x_wconf 88' lang='lat' dir='ltr'>ib.8</span> <span class='ocrx_word' id='word_1_419' title='bbox 1427 1876 1472 1910; x_wconf 88' lang='lat' dir='ltr'>de</span> <span class='ocrx_word' id='word_1_420' title='bbox 1482 1887 1566 1910; x_wconf 89' lang='lat' dir='ltr'>con-</span> 
     </span>
     <span class='ocr_line' id='line_1_40' title="bbox 137 1919 1568 1964; baseline 0.001 -10"><span class='ocrx_word' id='word_1_421' title='bbox 137 1926 196 1955; x_wconf 89' lang='lat' dir='ltr'>tus</span> <span class='ocrx_word' id='word_1_422' title='bbox 228 1923 308 1954; x_wconf 88' lang='lat' dir='ltr'>erat</span> <span class='ocrx_word' id='word_1_423' title='bbox 337 1919 427 1953; x_wconf 83' lang='lat' dir='ltr'>ibid.</span> <span class='ocrx_word' id='word_1_424' title='bbox 469 1919 508 1953; x_wconf 89' lang='lat' dir='ltr'>in</span> <span class='ocrx_word' id='word_1_425' title='bbox 545 1919 708 1954; x_wconf 87' lang='lat' dir='ltr'>Siciliam</span> <span class='ocrx_word' id='word_1_426' title='bbox 742 1920 827 1954; x_wconf 89' lang='lat' dir='ltr'>trai-</span> <span class='ocrx_word' id='word_1_427' title='bbox 876 1920 1118 1954; x_wconf 85' lang='lat' dir='ltr'>iurationibus</span> <span class='ocrx_word' id='word_1_428' title='bbox 1137 1920 1346 1964; x_wconf 87' lang='lat' dir='ltr'>principum</span> <span class='ocrx_word' id='word_1_429' title='bbox 1364 1920 1402 1954; x_wconf 86' lang='lat' dir='ltr'>in</span> <span class='ocrx_word' id='word_1_430' title='bbox 1420 1921 1568 1956; x_wconf 87' lang='lat' dir='ltr'>Etruria</span> 
     </span>
     <span class='ocr_line' id='line_1_41' title="bbox 138 1965 1565 2009; baseline 0 -9"><span class='ocrx_word' id='word_1_431' title='bbox 138 1966 189 2000; x_wconf 90' lang='lat' dir='ltr'>cit</span> <span class='ocrx_word' id='word_1_432' title='bbox 212 1966 256 2000; x_wconf 92' lang='lat' dir='ltr'>P.</span> <span class='ocrx_word' id='word_1_433' title='bbox 270 1965 314 1998; x_wconf 88' lang='lat'>14</span> <span class='ocrx_word' id='word_1_434' title='bbox 354 1965 392 1998; x_wconf 90' lang='lat' dir='ltr'>in</span> <span class='ocrx_word' id='word_1_435' title='bbox 416 1965 566 1998; x_wconf 89' lang='lat' dir='ltr'>Italiam</span> <span class='ocrx_word' id='word_1_436' title='bbox 584 1965 699 1999; x_wconf 82' lang='lat' dir='ltr'>redux</span> <span class='ocrx_word' id='word_1_437' title='bbox 715 1965 827 1999; x_wconf 84' lang='lat' dir='ltr'>vinci-</span> <span class='ocrx_word' id='word_1_438' title='bbox 876 1965 932 2008; x_wconf 88' lang='grc'>28,</span> <span class='ocrx_word' id='word_1_439' title='bbox 944 1966 1047 2009; x_wconf 88' lang='grc'>10,5,</span> <span class='ocrx_word' id='word_1_440' title='bbox 1061 1965 1175 2007; x_wconf 85' lang='grc'>30,26,</span> <span class='ocrx_word' id='word_1_441' title='bbox 1186 1965 1229 1998; x_wconf 88' lang='grc'>12</span> <span class='ocrx_word' id='word_1_442' title='bbox 1248 1966 1293 1999; x_wconf 89' lang='grc'>(16</span> <span class='ocrx_word' id='word_1_443' title='bbox 1308 1965 1565 2000; x_wconf 86' lang='lat' dir='ltr'>coniurationi-</span> 
     </span>
     <span class='ocr_line' id='line_1_42' title="bbox 137 2009 1566 2054; baseline 0.001 -10"><span class='ocrx_word' id='word_1_444' title='bbox 137 2015 197 2044; x_wconf 86' lang='lat' dir='ltr'>tur</span> <span class='ocrx_word' id='word_1_445' title='bbox 221 2014 259 2045; x_wconf 92' lang='lat' dir='ltr'>et</span> <span class='ocrx_word' id='word_1_446' title='bbox 283 2010 395 2044; x_wconf 88' lang='lat' dir='ltr'>Italia</span> <span class='ocrx_word' id='word_1_447' title='bbox 414 2010 609 2054; x_wconf 78' lang='lat' dir='ltr'>expellitur</span> <span class='ocrx_word' id='word_1_448' title='bbox 626 2009 716 2044; x_wconf 88' lang='lat' dir='ltr'>ibid.</span> <span class='ocrx_word' id='word_1_449' title='bbox 753 2021 827 2044; x_wconf 91' lang='lat' dir='ltr'>mo-</span> <span class='ocrx_word' id='word_1_450' title='bbox 876 2010 944 2044; x_wconf 90' lang='lat' dir='ltr'>bus</span> <span class='ocrx_word' id='word_1_451' title='bbox 957 2009 1156 2043; x_wconf 87' lang='lat' dir='ltr'>inBruttiis</span> <span class='ocrx_word' id='word_1_452' title='bbox 1165 2010 1260 2053; x_wconf 88' lang='lat'><strong>32,1,</strong></span> <span class='ocrx_word' id='word_1_453' title='bbox 1272 2011 1291 2044; x_wconf 93' lang='lat'><strong>7</strong></span> <span class='ocrx_word' id='word_1_454' title='bbox 1311 2010 1356 2044; x_wconf 91' lang='lat' dir='ltr'>de</span> <span class='ocrx_word' id='word_1_455' title='bbox 1371 2011 1566 2045; x_wconf 86' lang='lat' dir='ltr'>clandesti-</span> 
     </span>
     <span class='ocr_line' id='line_1_43' title="bbox 138 2054 1565 2099; baseline -0.001 -9"><span class='ocrx_word' id='word_1_456' title='bbox 138 2057 229 2090; x_wconf 81' lang='lat' dir='ltr'>titur</span> <span class='ocrx_word' id='word_1_457' title='bbox 249 2055 337 2089; x_wconf 86' lang='lat' dir='ltr'>ibid.</span> <span class='ocrx_word' id='word_1_458' title='bbox 358 2055 404 2089; x_wconf 88' lang='lat' dir='ltr'>cf.</span> <span class='ocrx_word' id='word_1_459' title='bbox 418 2055 473 2098; x_wconf 85' lang='lat'>22,</span> <span class='ocrx_word' id='word_1_460' title='bbox 489 2056 544 2098; x_wconf 88' lang='grc'>59,</span> <span class='ocrx_word' id='word_1_461' title='bbox 559 2055 672 2089; x_wconf 82' lang='grc'>8-18</span> <span class='ocrx_word' id='word_1_462' title='bbox 712 2054 760 2090; x_wconf 87' lang='lat' dir='ltr'>ab</span> <span class='ocrx_word' id='word_1_463' title='bbox 785 2066 828 2090; x_wconf 91' lang='lat' dir='ltr'>eo</span> <span class='ocrx_word' id='word_1_464' title='bbox 876 2055 933 2088; x_wconf 89' lang='lat' dir='ltr'>nis</span> <span class='ocrx_word' id='word_1_465' title='bbox 947 2055 1260 2089; x_wconf 83' lang='lat' dir='ltr'>coniurationibus</span> <span class='ocrx_word' id='word_1_466' title='bbox 1274 2055 1328 2097; x_wconf 89' lang='lat'>39,</span> <span class='ocrx_word' id='word_1_467' title='bbox 1344 2055 1408 2099; x_wconf 86' lang='lat'>8,3</span> <span class='ocrx_word' id='word_1_468' title='bbox 1435 2056 1480 2090; x_wconf 90' lang='lat' dir='ltr'>de</span> <span class='ocrx_word' id='word_1_469' title='bbox 1493 2068 1565 2091; x_wconf 82' lang='lat' dir='ltr'>ser-</span> 
     </span>
     <span class='ocr_line' id='line_1_44' title="bbox 139 2100 1566 2145; baseline 0.001 -10"><span class='ocrx_word' id='word_1_470' title='bbox 139 2101 383 2145; x_wconf 87' lang='lat' dir='ltr'>Proserpinae</span> <span class='ocrx_word' id='word_1_471' title='bbox 402 2101 590 2134; x_wconf 85' lang='lat' dir='ltr'>thensauri</span> <span class='ocrx_word' id='word_1_472' title='bbox 605 2100 733 2134; x_wconf 84' lang='lat' dir='ltr'>Locris</span> <span class='ocrx_word' id='word_1_473' title='bbox 747 2111 827 2144; x_wconf 87' lang='lat' dir='ltr'>spo·</span> <span class='ocrx_word' id='word_1_474' title='bbox 875 2111 1003 2134; x_wconf 89' lang='lat' dir='ltr'>vorum</span> <span class='ocrx_word' id='word_1_475' title='bbox 1028 2100 1279 2134; x_wconf 88' lang='lat' dir='ltr'>coniuratione</span> <span class='ocrx_word' id='word_1_476' title='bbox 1305 2100 1360 2143; x_wconf 90' lang='lat'>33,</span> <span class='ocrx_word' id='word_1_477' title='bbox 1387 2102 1442 2144; x_wconf 83' lang='lat'>36,</span> <span class='ocrx_word' id='word_1_478' title='bbox 1462 2101 1484 2134; x_wconf 90' lang='grc'>2</span> <span class='ocrx_word' id='word_1_479' title='bbox 1521 2102 1566 2137; x_wconf 83' lang='grc'>(16</span> 
     </span>
     <span class='ocr_line' id='line_1_45' title="bbox 139 2144 1564 2190; baseline 0 -10"><span class='ocrx_word' id='word_1_480' title='bbox 139 2146 220 2180; x_wconf 88' lang='lat' dir='ltr'>liati</span> <span class='ocrx_word' id='word_1_481' title='bbox 234 2145 452 2179; x_wconf 87' lang='lat' dir='ltr'>dicebantur</span> <span class='ocrx_word' id='word_1_482' title='bbox 470 2146 525 2189; x_wconf 88' lang='lat'>29,</span> <span class='ocrx_word' id='word_1_483' title='bbox 546 2146 579 2189; x_wconf 90' lang='grc'>8,</span> <span class='ocrx_word' id='word_1_484' title='bbox 595 2147 615 2179; x_wconf 85' lang='grc'>9</span> <span class='ocrx_word' id='word_1_485' title='bbox 629 2145 674 2179; x_wconf 86' lang='lat' dir='ltr'>cf.</span> <span class='ocrx_word' id='word_1_486' title='bbox 695 2146 751 2189; x_wconf 90' lang='grc'>29,</span> <span class='ocrx_word' id='word_1_487' title='bbox 773 2146 826 2188; x_wconf 87' lang='grc'>18,</span> <span class='ocrx_word' id='word_1_488' title='bbox 876 2144 1048 2179; x_wconf 81' lang='lat' dir='ltr'>veneficis</span> <span class='ocrx_word' id='word_1_489' title='bbox 1068 2145 1234 2189; x_wconf 86' lang='lat' dir='ltr'>quaestio</span> <span class='ocrx_word' id='word_1_490' title='bbox 1254 2146 1309 2189; x_wconf 88' lang='grc'>39,</span> <span class='ocrx_word' id='word_1_491' title='bbox 1330 2146 1385 2188; x_wconf 91' lang='grc'>38,</span> <span class='ocrx_word' id='word_1_492' title='bbox 1401 2146 1422 2179; x_wconf 92' lang='grc'>2</span> <span class='ocrx_word' id='word_1_493' title='bbox 1442 2146 1488 2180; x_wconf 85' lang='lat' dir='ltr'>cf.</span> <span class='ocrx_word' id='word_1_494' title='bbox 1508 2148 1564 2190; x_wconf 89' lang='lat'>40,</span> 
     </span>
     <span class='ocr_line' id='line_1_46' title="bbox 139 2190 1565 2235; baseline 0.001 -10"><span class='ocrx_word' id='word_1_495' title='bbox 139 2193 162 2225; x_wconf 86' lang='lat'>3</span> <span class='ocrx_word' id='word_1_496' title='bbox 198 2191 243 2225; x_wconf 90' lang='lat' dir='ltr'>de</span> <span class='ocrx_word' id='word_1_497' title='bbox 269 2201 311 2225; x_wconf 94' lang='lat' dir='ltr'>eo</span> <span class='ocrx_word' id='word_1_498' title='bbox 336 2190 511 2224; x_wconf 89' lang='lat' dir='ltr'>iudicium</span> <span class='ocrx_word' id='word_1_499' title='bbox 529 2191 751 2224; x_wconf 83' lang='lat' dir='ltr'>Hannibalis</span> <span class='ocrx_word' id='word_1_500' title='bbox 771 2191 825 2233; x_wconf 88' lang='lat'>35,</span> <span class='ocrx_word' id='word_1_501' title='bbox 877 2191 963 2234; x_wconf 91' lang='lat'><strong>37,4</strong></span> <span class='ocrx_word' id='word_1_502' title='bbox 976 2191 1020 2224; x_wconf 91' lang='lat' dir='ltr'>de</span> <span class='ocrx_word' id='word_1_503' title='bbox 1030 2191 1451 2235; x_wconf 78' lang='lat' dir='ltr'>expilatisProserpinae</span> <span class='ocrx_word' id='word_1_504' title='bbox 1461 2192 1565 2226; x_wconf 82' lang='lat' dir='ltr'>then-</span> 
     </span>
     <span class='ocr_line' id='line_1_47' title="bbox 140 2235 1566 2280; baseline 0.001 -10"><span class='ocrx_word' id='word_1_505' title='bbox 140 2237 195 2279; x_wconf 90' lang='lat'>14,</span> <span class='ocrx_word' id='word_1_506' title='bbox 210 2237 231 2270; x_wconf 88' lang='grc'>8</span> <span class='ocrx_word' id='word_1_507' title='bbox 244 2236 286 2269; x_wconf 92' lang='grc' dir='ltr'>Ρ.</span> <span class='ocrx_word' id='word_1_508' title='bbox 313 2235 389 2270; x_wconf 87' lang='grc'>61115</span> <span class='ocrx_word' id='word_1_509' title='bbox 409 2235 514 2280; x_wconf 86' lang='lat' dir='ltr'>regia</span> <span class='ocrx_word' id='word_1_510' title='bbox 532 2235 654 2270; x_wconf 88' lang='lat' dir='ltr'>fuerat</span> <span class='ocrx_word' id='word_1_511' title='bbox 672 2236 828 2270; x_wconf 86' lang='lat' dir='ltr'>Ambra—</span> <span class='ocrx_word' id='word_1_512' title='bbox 878 2236 992 2269; x_wconf 89' lang='lat' dir='ltr'>sauris</span> <span class='ocrx_word' id='word_1_513' title='bbox 1006 2236 1061 2279; x_wconf 85' lang='grc'>32,</span> <span class='ocrx_word' id='word_1_514' title='bbox 1078 2236 1132 2279; x_wconf 94' lang='grc'>12,</span> <span class='ocrx_word' id='word_1_515' title='bbox 1148 2236 1169 2269; x_wconf 93' lang='grc'>3</span> <span class='ocrx_word' id='word_1_516' title='bbox 1194 2236 1239 2270; x_wconf 90' lang='grc'>(16</span> <span class='ocrx_word' id='word_1_517' title='bbox 1258 2237 1417 2280; x_wconf 87' lang='lat' dir='ltr'>pecunia</span> <span class='ocrx_word' id='word_1_518' title='bbox 1430 2236 1477 2271; x_wconf 88' lang='lat' dir='ltr'>ab</span> <span class='ocrx_word' id='word_1_519' title='bbox 1490 2237 1566 2271; x_wconf 92' lang='lat' dir='ltr'>An-</span> 
     </span>
     <span class='ocr_line' id='line_1_48' title="bbox 141 2280 1401 2325; baseline 0 -10"><span class='ocrx_word' id='word_1_520' title='bbox 141 2281 220 2315; x_wconf 84' lang='lat' dir='ltr'>ciae</span> <span class='ocrx_word' id='word_1_521' title='bbox 234 2281 288 2324; x_wconf 88' lang='lat'>38,</span> <span class='ocrx_word' id='word_1_522' title='bbox 304 2281 336 2323; x_wconf 90' lang='grc'>9,</span> <span class='ocrx_word' id='word_1_523' title='bbox 353 2281 395 2314; x_wconf 87' lang='grc'>13</span> <span class='ocrx_word' id='word_1_524' title='bbox 419 2280 547 2314; x_wconf 90' lang='lat' dir='ltr'>unicus</span> <span class='ocrx_word' id='word_1_525' title='bbox 561 2281 754 2325; x_wconf 83' lang='lat' dir='ltr'>pugnandi</span> <span class='ocrx_word' id='word_1_526' title='bbox 773 2292 828 2315; x_wconf 88' lang='lat' dir='ltr'>ar-</span> <span class='ocrx_word' id='word_1_527' title='bbox 878 2281 1001 2315; x_wconf 88' lang='lat' dir='ltr'>tioeho</span> <span class='ocrx_word' id='word_1_528' title='bbox 1016 2284 1170 2325; x_wconf 88' lang='lat' dir='ltr'>accepta</span> <span class='ocrx_word' id='word_1_529' title='bbox 1184 2281 1239 2324; x_wconf 91' lang='lat'>38,</span> <span class='ocrx_word' id='word_1_530' title='bbox 1255 2281 1401 2315; x_wconf 85' lang='lat'><strong>54—55.</strong></span> 
     </span>
     <span class='ocr_line' id='line_1_49' title="bbox 140 2325 1564 2370; baseline 0.001 -10"><span class='ocrx_word' id='word_1_531' title='bbox 140 2325 230 2360; x_wconf 79' lang='lat' dir='ltr'>tifex</span> <span class='ocrx_word' id='word_1_532' title='bbox 242 2325 434 2370; x_wconf 85' lang='lat' dir='ltr'>magisque</span> <span class='ocrx_word' id='word_1_533' title='bbox 452 2326 490 2359; x_wconf 88' lang='lat' dir='ltr'>in</span> <span class='ocrx_word' id='word_1_534' title='bbox 508 2326 648 2370; x_wconf 86' lang='lat' dir='ltr'>proelio</span> <span class='ocrx_word' id='word_1_535' title='bbox 669 2337 779 2370; x_wconf 90' lang='lat' dir='ltr'>quam</span> <span class='ocrx_word' id='word_1_536' title='bbox 792 2326 829 2359; x_wconf 94' lang='lat' dir='ltr'>in</span> <span class='ocrx_word' id='word_1_537' title='bbox 856 2325 1079 2367; x_wconf 80' lang='lat' dir='ltr'>Quaestores</span> <span class='ocrx_word' id='word_1_538' title='bbox 1103 2326 1367 2370; x_wconf 86' lang='lat' dir='ltr'>perduellionis</span> <span class='ocrx_word' id='word_1_539' title='bbox 1391 2328 1424 2370; x_wconf 88' lang='lat'>2,</span> <span class='ocrx_word' id='word_1_540' title='bbox 1445 2327 1502 2370; x_wconf 89' lang='lat'>41,</span> <span class='ocrx_word' id='word_1_541' title='bbox 1524 2328 1564 2361; x_wconf 89' lang='lat'>11</span> 
     </span>
     <span class='ocr_line' id='line_1_50' title="bbox 140 2370 1568 2406; baseline 0.001 -1"><span class='ocrx_word' id='word_1_542' title='bbox 140 2370 239 2406; x_wconf 90' lang='lat' dir='ltr'>bello</span> <span class='ocrx_word' id='word_1_543' title='bbox 252 2370 364 2404; x_wconf 87' lang='lat' dir='ltr'>bonus</span> <span class='ocrx_word' id='word_1_544' title='bbox 378 2370 419 2403; x_wconf 77' lang='lat' dir='ltr'>F.</span> <span class='ocrx_word' id='word_1_545' title='bbox 436 2371 468 2403; x_wconf 92' lang='lat'>1.</span> <span class='ocrx_word' id='word_1_546' title='bbox 878 2371 1026 2405; x_wconf 89' lang='lat' dir='ltr'>comitia</span> <span class='ocrx_word' id='word_1_547' title='bbox 1050 2371 1095 2405; x_wconf 91' lang='lat' dir='ltr'>de</span> <span class='ocrx_word' id='word_1_548' title='bbox 1115 2382 1177 2405; x_wconf 91' lang='lat' dir='ltr'>reo</span> <span class='ocrx_word' id='word_1_549' title='bbox 1199 2371 1336 2406; x_wconf 82' lang='lat' dir='ltr'>habere</span> <span class='ocrx_word' id='word_1_550' title='bbox 1356 2376 1527 2406; x_wconf 89' lang='lat' dir='ltr'>vetantur</span> <span class='ocrx_word' id='word_1_551' title='bbox 1547 2385 1568 2406; x_wconf 87' lang='lat' dir='ltr'>a</span> 
     </span>
    </p>

    <p class='ocr_par' dir='ltr' id='par_1_13' title="bbox 120 2414 1568 2567">
     <span class='ocr_line' id='line_1_51' title="bbox 120 2414 1566 2461; baseline 0 -10"><span class='ocrx_word' id='word_1_552' title='bbox 120 2416 354 2461; x_wconf 83' lang='lat' dir='ltr'>Pythagoras</span> <span class='ocrx_word' id='word_1_553' title='bbox 375 2414 519 2449; x_wconf 81' lang='lat' dir='ltr'>Samius</span> <span class='ocrx_word' id='word_1_554' title='bbox 540 2415 664 2450; x_wconf 79' lang='lat' dir='ltr'>Servio</span> <span class='ocrx_word' id='word_1_555' title='bbox 684 2427 772 2461; x_wconf 84' lang='lat' dir='ltr'>rege</span> <span class='ocrx_word' id='word_1_556' title='bbox 792 2415 829 2449; x_wconf 91' lang='lat' dir='ltr'>in</span> <span class='ocrx_word' id='word_1_557' title='bbox 876 2415 1031 2450; x_wconf 86' lang='lat' dir='ltr'>tribunis</span> <span class='ocrx_word' id='word_1_558' title='bbox 1051 2417 1100 2460; x_wconf 93' lang='lat' dir='ltr'>pl.</span> <span class='ocrx_word' id='word_1_559' title='bbox 1115 2416 1147 2457; x_wconf 88' lang='grc'>3,</span> <span class='ocrx_word' id='word_1_560' title='bbox 1162 2416 1218 2459; x_wconf 85' lang='grc'>24,</span> <span class='ocrx_word' id='word_1_561' title='bbox 1236 2418 1254 2450; x_wconf 94' lang='grc'>7</span> <span class='ocrx_word' id='word_1_562' title='bbox 1292 2417 1434 2451; x_wconf 89' lang='lat' dir='ltr'>duobus</span> <span class='ocrx_word' id='word_1_563' title='bbox 1459 2418 1566 2451; x_wconf 86' lang='lat' dir='ltr'>urba-</span> 
     </span>
     <span class='ocr_line' id='line_1_52' title="bbox 140 2461 1568 2506; baseline 0.001 -11"><span class='ocrx_word' id='word_1_564' title='bbox 140 2461 289 2495; x_wconf 86' lang='lat' dir='ltr'>Italiam</span> <span class='ocrx_word' id='word_1_565' title='bbox 307 2461 408 2494; x_wconf 86' lang='lat' dir='ltr'>venit</span> <span class='ocrx_word' id='word_1_566' title='bbox 425 2461 457 2503; x_wconf 93' lang='lat'>1,</span> <span class='ocrx_word' id='word_1_567' title='bbox 474 2461 527 2502; x_wconf 84' lang='lat'>18,</span> <span class='ocrx_word' id='word_1_568' title='bbox 542 2461 563 2493; x_wconf 92' lang='grc'>2</span> <span class='ocrx_word' id='word_1_569' title='bbox 594 2461 735 2495; x_wconf 85' lang='lat' dir='ltr'>Numae</span> <span class='ocrx_word' id='word_1_570' title='bbox 754 2472 828 2494; x_wconf 87' lang='lat' dir='ltr'>ma·</span> <span class='ocrx_word' id='word_1_571' title='bbox 875 2461 932 2494; x_wconf 88' lang='lat' dir='ltr'>nis</span> <span class='ocrx_word' id='word_1_572' title='bbox 945 2465 986 2494; x_wconf 90' lang='lat' dir='ltr'>ut</span> <span class='ocrx_word' id='word_1_573' title='bbox 999 2461 1070 2494; x_wconf 91' lang='lat' dir='ltr'>duo</span> <span class='ocrx_word' id='word_1_574' title='bbox 1084 2461 1316 2505; x_wconf 85' lang='lat' dir='ltr'>adderentur,</span> <span class='ocrx_word' id='word_1_575' title='bbox 1339 2462 1400 2506; x_wconf 90' lang='lat' dir='ltr'>qui</span> <span class='ocrx_word' id='word_1_576' title='bbox 1414 2463 1568 2496; x_wconf 85' lang='lat' dir='ltr'>consuli-</span> 
     </span>
     <span class='ocr_line' id='line_1_53' title="bbox 142 2505 1567 2567; baseline 0.001 -27"><span class='ocrx_word' id='word_1_577' title='bbox 142 2506 258 2567; x_wconf 59' lang='lat' dir='ltr'>gister</span> <span class='ocrx_word' id='word_1_578' title='bbox 282 2505 377 2539; x_wconf 85' lang='lat' dir='ltr'>falso</span> <span class='ocrx_word' id='word_1_579' title='bbox 402 2505 563 2540; x_wconf 86' lang='lat' dir='ltr'>creditur</span> <span class='ocrx_word' id='word_1_580' title='bbox 586 2506 674 2540; x_wconf 88' lang='lat' dir='ltr'>ibid.</span> <span class='ocrx_word' id='word_1_581' title='bbox 701 2506 747 2539; x_wconf 87' lang='lat' dir='ltr'>cf.</span> <span class='ocrx_word' id='word_1_582' title='bbox 773 2506 827 2550; x_wconf 86' lang='lat'><strong>40,</strong></span> <span class='ocrx_word' id='word_1_583' title='bbox 877 2507 945 2540; x_wconf 88' lang='lat' dir='ltr'>bus</span> <span class='ocrx_word' id='word_1_584' title='bbox 960 2507 1007 2540; x_wconf 92' lang='lat' dir='ltr'>ad</span> <span class='ocrx_word' id='word_1_585' title='bbox 1021 2506 1222 2541; x_wconf 87' lang='lat' dir='ltr'>ministeria</span> <span class='ocrx_word' id='word_1_586' title='bbox 1240 2507 1330 2541; x_wconf 90' lang='lat' dir='ltr'>belli</span> <span class='ocrx_word' id='word_1_587' title='bbox 1350 2512 1498 2551; x_wconf 86' lang='lat' dir='ltr'>praesto</span> <span class='ocrx_word' id='word_1_588' title='bbox 1513 2519 1567 2542; x_wconf 85' lang='lat' dir='ltr'>es-</span> 
     </span>
    </p>

    <p class='ocr_par' dir='ltr' id='par_1_14' title="bbox 123 2552 1568 2642">
     <span class='ocr_line' id='line_1_54' title="bbox 123 2552 1568 2642; baseline 0.001 -12"><span class='ocrx_word' id='word_1_589' title='bbox 123 2552 354 2642; x_wconf 47' lang='lat' dir='ltr'>l&#39;ljil&#39;hfiiigoras</span> <span class='ocrx_word' id='word_1_590' title='bbox 396 2595 606 2640; x_wconf 80' lang='lat' dir='ltr'>praefectus</span> <span class='ocrx_word' id='word_1_591' title='bbox 646 2596 830 2641; x_wconf 80' lang='lat' dir='ltr'>Argorum</span> <span class='ocrx_word' id='word_1_592' title='bbox 878 2552 1298 2642; x_wconf 50' lang='lat'><strong>{5231133‘32132133223</strong></span> <span class='ocrx_word' id='word_1_593' title='bbox 1317 2556 1568 2642; x_wconf 46' lang='lat' dir='ltr'>Igttrqfflsstggr</span> 
     </span>
    </p>
   </div>
  </div>
 </body>
</html>
