1804 2926
491 167 642 201 LIBER
666 164 869 208 XXXXV,
894 164 949 197 44.
979 165 1029 208 [a.
1045 163 1083 198 C.
1101 164 1180 208 167]
1433 153 1514 193 195

245 271 310 312 Eo
331 285 440 312 anno
461 285 534 310 rex
554 268 706 309 Prusia
731 267 845 308 venit
857 267 1037 308 Romam
1057 282 1152 308 cnm
1172 267 1256 308 filio
1270 266 1511 308 Nicomede.
1540 282 1557 308 -ι

163 332 197 373 is
231 347 386 387 magno
423 332 623 373 comitatu
654 330 801 370 urbem
837 329 1050 383 ingressus
1089 330 1141 370 ad
1172 329 1309 370 forum
1342 345 1366 370 a
1394 336 1515 384 porta

160 395 425 448 tribunalque
462 392 558 448 [Q]
593 391 717 433 Cassi
749 391 951 446 praetoris
989 392 1189 446 perrexit3
1226 406 1514 445 concursuque
1540 404 1558 433 5

161 457 346 511 undique
370 457 481 497 facto
507 456 625 505 deos,
652 454 724 508 qui
748 454 896 494 urbem
920 454 1099 494 Romam
1123 454 1370 503 incolerent,
1395 468 1512 495 sena-

160 526 334 573 tumque
359 526 400 560 et
423 518 625 573 populum
648 516 887 557 Romanum
912 516 1136 557 salutatum
1162 532 1204 558 se
1231 516 1333 557 dixit
1352 516 1515 556 venisse

161 589 203 622 et
226 581 501 636 gratulatum,
528 575 640 633 quod
665 579 823 620 Persea
849 577 1135 632 Gentiumque
1159 594 1280 634 reges
1305 578 1514 627 vicissent,

160 643 555 696 Macedonibusque
581 649 621 683 et
640 642 777 696 Illyris
802 642 846 682 in
867 641 1073 682 dicionem
1097 641 1275 683 redactis
1302 641 1516 681 auxissent

159 706 393 760 imperium.
433 720 529 747 cum
554 712 721 759 praetor
746 712 937 745 senatum
962 704 1012 753 ei,
1039 704 1073 744 si
1098 704 1209 753 velit,
1236 718 1284 744 eo
1306 704 1371 744 die
1393 704 1514 743 datu-
1540 715 1557 743 6

158 783 252 808 rum
277 768 461 817 dixisset,
486 767 662 808 biduum
685 766 817 822 petiit,
843 781 925 820 quo
952 768 1108 822 templa
1133 767 1258 808 deum
1282 767 1515 818 urbemque

160 837 201 871 et
224 830 409 884 hospites
441 830 680 882 amicosque
711 829 876 870 viseret.
937 829 1057 869 datus
1083 829 1155 882 qui
1185 829 1516 870 circumduceret
1543 840 1559 868 7

160 908 275 940 eum,
304 891 394 947 [L.]
425 891 644 933 Cornelius
672 891 815 946 Scipio
847 899 1062 944 quaestor,
1095 891 1166 945 qui
1192 899 1232 932 et
1259 889 1452 945 Capuam
1477 889 1515 931 ei

160 955 327 996 obviam
351 955 503 995 missus
529 954 684 1003 fuerat,
719 963 759 995 et
784 954 929 1003 aedes,
962 968 1069 1007 quae
1094 954 1234 1008 ipsum
1259 953 1515 1008 comitesque

161 1018 250 1058 eius
274 1017 456 1071 benigne
480 1017 724 1072 reciperent,
751 1017 995 1058 conductae.
1034 1017 1155 1057 tertio
1182 1024 1276 1071 post
1301 1016 1368 1056 die
1394 1030 1514 1056 sena-
1540 1025 1560 1055 8

162 1088 252 1120 tum
272 1079 392 1128 adiit3
418 1080 650 1134 gratulatus
671 1079 887 1120 victoriam
909 1087 990 1128 est3
1010 1079 1158 1120 merita
1178 1070 1254 1119 sua
1273 1079 1315 1118 in
1337 1092 1385 1119 eo
1408 1076 1516 1118 bello

162 1141 520 1190 commemoravit3
552 1142 692 1196 petiit,
725 1148 771 1181 ut
796 1149 939 1182 votum
965 1139 1044 1182 sibi
1076 1142 1256 1190 solvere,
1288 1141 1449 1181 Romae
1474 1139 1517 1179 in

165 1202 374 1258 Capitolio
401 1204 545 1244 decem
570 1203 747 1244 maiores
772 1203 928 1244 hostias
955 1210 993 1244 et
1013 1203 1241 1244 Praeneste
1267 1218 1393 1242 unam
1413 1202 1518 1242 For-

164 1273 302 1313 tunae,
328 1265 602 1306 liceret—ea
627 1272 724 1305 vota
754 1279 829 1318 pro
854 1265 1028 1305 victoria
1053 1265 1197 1319 populi
1221 1264 1403 1305 Romani
1428 1277 1518 1304 esse
1544 1275 1561 1304 9

164 1351 220 1356 ——
235 1335 275 1368 et
300 1334 347 1367 ut.
372 1327 548 1367 societas
574 1341 716 1367 secum
741 1334 1012 1367 renovaretur
1037 1340 1220 1380 agerque
1246 1326 1324 1367 sibi
1349 1326 1400 1366 de
1419 1339 1519 1379 rege

166 1389 377 1430 Antiocho
409 1396 574 1442 captus,
607 1403 732 1442 quem
757 1388 859 1428 nulli
885 1389 1029 1428 datum
1056 1387 1119 1442 [a]
1147 1388 1302 1442 populo
1328 1387 1519 1428 Romano

166 1449 280 1492 Galli
304 1450 584 1505 possiderent,
611 1449 791 1491 daretur.
852 1450 984 1490 filium
1008 1457 1218 1504 postremo
1243 1449 1518 1490 Nicomedem

164 1512 327 1554 senatui
351 1512 671 1553 commendavit.
709 1511 894 1552 omnium
916 1511 988 1564 qui
1007 1511 1050 1551 in
1063 1511 1316 1551 Macedonia
1340 1511 1520 1565 impera-

165 1582 274 1616 tores
294 1574 459 1615 fuerant
481 1574 663 1614 favorest
683 1573 864 1614 adiutus.
906 1573 1046 1626 itaque
1067 1580 1205 1613 cetera
1223 1586 1330 1625 quae
1351 1572 1518 1626 petebat
1549 1585 1588 1613 10

165 1651 374 1684 concessa,
401 1635 452 1677 de
478 1650 578 1690 agro
603 1650 850 1690 responsum
875 1642 950 1683 est,
976 1636 1137 1689 legatos
1164 1634 1217 1674 ad
1240 1649 1328 1675 rem
1353 1634 1521 1688 inspici-

165 1699 316 1740 endam
342 1698 562 1738 missuros:
591 1696 664 1752 [si]
685 1698 718 1737 is
740 1712 841 1752 ager
859 1697 1003 1751 populi
1018 1696 1199 1737 Romani
1220 1695 1377 1751 [factus
1399 1703 1519 1744 ess-et,

166 1776 261 1802 cum
285 1758 505 1814 Antiochi]
532 1759 680 1800 fuisset
704 1774 782 1800 nec
809 1760 1004 1813 cuiqnam
1029 1759 1150 1799 datus
1178 1766 1299 1807 esset,
1327 1758 1521 1813 dignissi-

166 1838 282 1862 mum
307 1836 355 1863 eo
381 1822 490 1862 dono
510 1821 705 1862 Prusiam
730 1822 944 1862 habituros
970 1837 1079 1867 esse3
1107 1821 1141 1861 si
1167 1828 1308 1862 autem
1323 1820 1522 1861 Antiochi
1551 1833 1585 1861 11

166 1898 250 1924 non
274 1883 402 1924 fuisse
428 1890 467 1924 et
493 1897 540 1924 60
566 1898 617 1923 ne
644 1884 788 1937 populi
815 1884 983 1936 quidem
999 1883 1181 1923 Romani
1208 1883 1367 1923 factum
1395 1898 1524 1937 appa-

167 1952 276 1986 reret
301 1952 373 1985 aut
398 1945 541 1984 datum
557 1943 690 1985 Gallis
711 1960 813 1993 esse,
838 1946 1054 1999 ignoscere
1074 1945 1271 1985 Prusiam
1298 1945 1461 1992 debere,
1489 1944 1522 1984 si

169 2023 221 2048 ex
245 2006 399 2047 nullius
423 2006 575 2046 iniuria
600 2006 824 2059 quicquam
849 2006 887 2046 ei
919 2006 1063 2046 datum
1095 2006 1219 2046 vellet
1243 2006 1423 2059 populus
1437 2006 1523 2046 Ro-

170 2083 331 2109 manus.
369 2083 421 2108 ne
448 2067 514 2108 cui
540 2068 660 2107 detur
685 2067 867 2119 quidem,
893 2075 1061 2121 gratum
1088 2081 1177 2107 esse
1204 2067 1361 2107 donum
1386 2081 1520 2121 posse,
1551 2079 1588 2107 12

171 2131 283 2184 quod
309 2145 405 2170 eum
431 2129 502 2182 qui
527 2129 617 2177 det,
653 2129 726 2169 ubi
751 2129 893 2177 vellet,
925 2129 1161 2168 ablaturum
1186 2143 1276 2169 esse
1302 2128 1417 2169 sciat.
1465 2129 1523 2169 fili
1553 2141 1591 2169 13

171 2192 411 2234 Nicomedis
428 2191 828 2232 commendationem
851 2191 1050 2244 accipere.
1088 2198 1244 2243 quanta
1259 2205 1358 2231 cura
1378 2206 1526 2245 regum

174 2255 401 2296 amicorum
434 2254 586 2294 liberos
611 2261 778 2294 tueatur
802 2253 982 2306 populus
1008 2252 1244 2300 Romanus,
1276 2252 1526 2293 documento

174 2317 463 2357 Ptolemaeum
502 2314 688 2370 Aegypti
725 2329 868 2368 regem
906 2328 1007 2355 esse.
1080 2329 1175 2354 cum
1210 2313 1289 2354 hoc
1328 2329 1526 2368 responso
1555 2327 1596 2356 14

173 2377 346 2418 Prusias
372 2384 433 2417 est
458 2377 665 2416 dimissus.
703 2391 877 2416 munera
903 2375 941 2416 ei
965 2390 1016 2416 ex
1042 2374 1086 2430 [c
1102 2373 1163 2429 αα]
1190 2376 1388 2416 sestertiis
1414 2376 1528 2417 iussa

175 2439 283 2488 dari,
321 2445 361 2479 et
391 2452 587 2478 vasorum
617 2445 908 2492 argenteorum
938 2437 1078 2492 pondo
1110 2437 1428 2491 quinquaginta,
1489 2446 1529 2479 et
1556 2451 1594 2481 15

175 2502 259 2541 filio
278 2501 388 2555 regis
402 2500 623 2541 Nicomedi
642 2515 694 2541 ex
712 2515 761 2541 ea
780 2515 941 2541 summa
960 2514 1133 2540 munera
1154 2499 1243 2540 dari
1264 2509 1528 2550 censuerunt,

176 2578 228 2604 ex
260 2577 344 2615 qua
368 2563 602 2617 Masgabae
638 2561 722 2602 filio
752 2562 862 2616 regis
887 2562 1138 2603 BIasinissae
1171 2562 1268 2602 data
1293 2569 1449 2611 essent,
1488 2569 1529 2604 et

178 2632 223 2665 ut
247 2624 439 2665 victimae
465 2624 647 2679 aliaque,
674 2639 781 2678 quae
807 2625 860 2665 ad
885 2624 1132 2665 sacrificium
1157 2623 1428 2679 pertinerent,
1455 2639 1527 2665 scu

1245 2686 1310 2721 13*
