1804 2926
426 158 430 161 ’
483 166 635 201 LIBER
659 163 862 207 XXXXV,
888 162 987 196 2-4.
1017 161 1118 204 [ae.
1135 161 1215 204 165]
1449 151 1528 191 153

182 275 277 315 dato
308 285 446 313 annuo
482 269 687 324 stipendio
720 266 870 307 dimitti
896 273 937 307 et
967 280 1062 306 cum
1093 265 1157 306 his
1183 279 1346 313 onmes,
1385 264 1455 317 qui
1486 263 1527 303 in

181 335 360 378 consulis
397 333 526 374 verba
562 332 798 371 iuraverant
809 345 818 378 3
864 336 903 370 et
941 328 1053 381 quod
1089 328 1267 368 militum
1305 326 1529 380 Corcyrae,

182 396 391 444 Brundisi,
418 395 471 436 ad
495 409 609 435 mare
635 407 834 446 superum
859 399 931 432 aut
956 391 998 431 in
1023 405 1123 445 agro
1138 389 1329 430 Larinati
1355 396 1531 430 esset—

182 459 375 501 omnibus
406 456 471 500 his
500 456 602 497 locis
636 454 860 509 dispositus
886 453 1091 494 exercitus
1123 453 1279 500 fuerat,
1311 466 1409 492 cum
1433 464 1530 503 quo,

182 523 215 580 si
239 536 304 562 res
330 526 532 574 posceret,
560 516 609 558 C.
636 517 828 557 Licinius
854 517 1039 570 collegae
1064 516 1190 556 ferret
1217 529 1339 569 opem
1362 537 1431 561 —‚
1457 512 1531 552 hos

182 598 324 623 omnes
353 581 504 621 milites
537 579 688 620 dimitti
719 578 888 633 placuit.
950 577 1198 632 supplicatio
1229 590 1304 631 pro
1338 574 1530 616 contione
1580 594 1586 599 ·

181 644 336 700 populo
368 643 525 683 indicta
551 649 612 682 051
638 656 689 681 ex
715 648 810 681 ante
837 640 947 681 diem
979 640 1171 693 quintum
1202 638 1297 679 idus
1323 636 1532 678 Octobres

183 722 279 748 011111
304 721 352 746 eo
379 705 445 746 die
470 705 514 745 in
539 704 723 757 quinque
749 703 850 744 dics.

268 768 349 808 ΙΙΙ.
387 767 455 807 Ex
487 766 655 820 Illyrico
688 765 770 805 duo
802 765 930 819 legati
958 763 1007 805 C.
1036 763 1226 804 Licinius
1251 763 1393 806 Nerva
1418 768 1457 802 et
1482 760 1532 801 P.

183 830 343 871 Decius
368 828 632 875 nuntiarunt,
671 827 901 868 exercitum
926 827 1166 880 Illyriorum
1198 840 1385 873 caesum,
1419 823 1535 865 Gen-

183 893 287 933 tium
312 906 454 946 regem
480 898 668 944 captum,
700 889 743 929 in
769 889 930 930 dicione
956 889 1099 943 populi
1124 887 1305 929 Romani
1334 894 1375 928 et
1398 885 1535 940 Illyri-

184 969 280 995 cum
305 968 408 994 esse.
451 952 505 993 ob
531 967 600 992 eas
625 967 690 992 res
716 959 855 1006 gestas
882 952 1010 991 ductu
1035 950 1305 1005 auspicioque
1329 948 1382 989 L.
1408 947 1534 988 Anici

184 1015 385 1070 praetoris
412 1022 578 1055 senatus
603 1013 646 1053 111
670 1013 851 1053 triduom
876 1013 1200 1067 supplicationes
1227 1010 1422 1052 decrevit.
1472 1010 1535 1049 iu-

186 1078 320 1118 dictae
345 1092 370 1117 a
395 1077 564 1117 consule
597 1083 691 1116 sunt
716 1075 759 1115 in
784 1087 879 1116 ante
906 1073 1057 1129 [diem]
1084 1082 1279 1127 quartum
1305 1080 1345 1113 et
1368 1071 1536 1113 tertium

185 1147 226 1180 et
249 1138 382 1193 pridie
406 1138 500 1178 idus
525 1137 798 1178 Novembres.

272 1200 500 1240 Tradidere
526 1199 697 1252 quidam
722 1200 881 1252 legatos
897 1198 1098 1245 Rhodios,
1124 1197 1311 1237 nondum
1330 1194 1535 1242 dimissos,

187 1270 281 1318 post
306 1263 521 1303 victoriam
546 1262 779 1302 nuntiatam
798 1261 911 1300 velut
937 1260 989 1300 ad
1014 1260 1243 1300 ludibrium
1269 1258 1442 1300 stolidae
1468 1273 1537 1297 511-

185 1325 353 1379 perbiae
378 1324 421 1364 111
440 1331 632 1364 senatum
652 1330 820 1362 vocatos
842 1336 945 1362 esse.
983 1321 1040 1361 ibi
1055 1322 1282 1376 Agepolim
1307 1320 1538 1375 principem

187 1402 331 1427 eorum
362 1386 419 1426 ita
454 1386 661 1425 locutum:
699 1384 847 1424 missos
880 1398 968 1423 csse
1000 1383 1161 1437 legatos
1194 1383 1246 1423 ab
1278 1382 1453 1423 Rhodiis
1486 1381 1540 1421 ad

185 1463 332 1502 pacem
356 1447 463 1487 inter
486 1447 699 1488 Romanos
725 1453 765 1486 et
789 1445 947 1485 Persea
972 1445 1221 1492 faciendam,
1247 1444 1360 1496 quod
1384 1443 1428 1483 id
1451 1443 1539 1483 bel-

185 1511 271 1551 lum
296 1524 424 1564 grave
450 1516 574 1561 atque
599 1507 911 1549 incommodum
939 1505 1145 1547 Graeciae
1172 1505 1297 1550 omni,
1324 1512 1540 1559 sumptuo-

186 1587 279 1612 sum
305 1586 353 1612 ac
379 1571 627 1611 damnosum
652 1570 751 1624 ipsis
773 1569 975 1610 Romanis
1002 1576 1122 1609 esset.
1160 1568 1369 1608 fortunam
1396 1566 1538 1621 populi

186 1633 367 1675 Romani
390 1633 497 1673 bene
517 1632 678 1680 fecisse,
704 1632 871 1684 quando
891 1631 1007 1670 finito
1028 1630 1147 1670 aliter
1171 1630 1280 1670 bello
1301 1628 1539 1684 gratulandi

188 1695 266 1735 sibi
292 1695 342 1735 de
367 1694 540 1734 victoria
560 1693 730 1748 egregia
744 1693 944 1734 Romanis
966 1692 1320 1746 opportunitatem
1346 1691 1540 1732 dedisset.

188 1756 290 1797 haec
316 1756 368 1796 ab
382 1756 547 1796 Rhodio
574 1756 697 1804 dieta,
722 1770 968 1809 responsum
990 1754 1042 1794 ab
1063 1765 1210 1795 senatu
1231 1769 1334 1802 esse,
1353 1752 1540 1794 Rhodios

189 1832 266 1858 nec
290 1817 531 1857 utilitatium
558 1816 761 1858 Graeciae
784 1815 957 1871 [gratia]
985 1830 1122 1869 neque
1149 1831 1249 1856 cura
1273 1815 1539 1870 inpensarum

190 1879 332 1933 populi
358 1879 557 1926 Romani,
584 1879 657 1919 sed
682 1893 756 1932 pro
780 1879 937 1919 Perseo
964 1878 1216 1932 legationem
1242 1893 1335 1918 eam
1359 1877 1540 1917 misisse:

191 1955 289 1980 nam
312 1939 348 1979 si
372 1954 421 1979 ea
444 1939 591 1981 fuisset
617 1954 728 1986 cura,
754 1954 862 1991 quae
889 1940 1174 1987 sinuum-etur,
1205 1947 1293 1979 tum
1319 1937 1542 1978 mittendos

190 2002 351 2055 legatos
382 2000 531 2049 fuisse,
571 2015 667 2041 011111
691 2000 872 2041 Perseus
905 2001 947 2041 in
973 2001 1234 2041 Thessaliam
1267 2000 1452 2041 exercitu
1481 1999 1544 2039 111-

194 2065 318 2104 ducto
343 2078 417 2117 per
448 2062 662 2103 biennium
688 2061 876 2103 Graecas
904 2062 1028 2103 urbes
1062 2063 1162 2102 alias
1188 2062 1416 2109 obsideret,
1443 2061 1543 2101 alias

194 2123 504 2165 denuntiatione
541 2138 751 2164 armorum
788 2130 978 2172 terreret3
1023 2131 1112 2163 tum
1146 2124 1305 2164 nullam
1340 2122 1454 2176 pacis
1492 2122 1545 2162 ab

194 2185 369 2226 Rhodiis
400 2185 655 2225 mentionem
686 2184 852 2225 factam.
913 2192 1135 2238 postquam
1167 2192 1382 2238 superatos
1416 2183 1544 2224 saltus

194 2257 560 2301 transgressosque
602 2247 645 2286 in
681 2246 977 2287 Macedoniam
1013 2247 1225 2286 Romanos
1263 2246 1469 2287 audierint
1505 2252 1546 2286 01

194 2309 402 2349 inclusum
437 2308 568 2349 teneri
603 2308 779 2356 Persea,
823 2314 921 2347 tunc
958 2307 1144 2348 Rhodios
1181 2307 1431 2362 legationem
1467 2307 1544 2346 mi-

196 2371 315 2417 sisse,
340 2384 423 2410 non
450 2370 502 2410 ad
527 2370 654 2410 ullam
679 2370 803 2410 aliam
826 2384 914 2410 rem
940 2384 1065 2423 quam
1090 2370 1142 2410 ad
1167 2369 1324 2410 Persea
1349 2384 1400 2410 ex
1424 2369 1546 2409 inmi-

196 2431 311 2472 nenti
345 2431 528 2485 periculo
565 2431 835 2486 eripiendum.
907 2445 1002 2472 cum
1037 2431 1116 2472 1100
1150 2446 1348 2486 responso
1383 2431 1544 2485 legatos

198 2493 401 2534 dimissos.

282 2555 387 2595 1111,
424 2555 509 2596 Per
534 2555 700 2596 eosdem
732 2555 818 2596 dies
844 2562 884 2596 01
906 2554 970 2595 M.
996 2555 1224 2596 Marcellus
1255 2571 1307 2596 ex
1332 2554 1545 2609 provincia

203 2617 407 2673 Hispania
443 2616 646 2658 decedens
678 2617 908 2658 Marcolica
942 2617 1071 2657 nobili
1107 2617 1210 2658 urbe
1242 2625 1363 2672 capta
1401 2617 1545 2658 decem

1559 338 1591 366 11

1562 959 1580 987 [Q

1574 2568 1585 2596 1
