1804 2926
264 163 316 204 74
530 172 683 206 LIBER
708 173 915 217 XXXXH,
943 174 996 208 51.
1018 175 1071 207 55.
1101 174 1340 217 [21.11.‹:.5s:3j

260 275 574 331 superfuerunt,
612 291 766 317 venum
804 277 912 317 (lata.
974 277 1111 317 diruto
1148 292 1302 331 magna
1339 292 1391 318 cx
1427 286 1544 333 parte
1576 291 1615 320 et

258 339 428 380 incenso
465 338 619 393 oppido
662 339 874 393 profectus
912 339 964 380 ad
1000 339 1263 379 Phalannam
1301 347 1436 381 castra
1471 341 1615 390 movit,

216 415 232 442 7
258 400 353 441 inde
378 408 546 455 postero
573 400 639 441 die
666 400 900 455 Gyrtonem
925 402 1127 456 pervenit.
1165 416 1248 454 quo
1275 416 1370 442 cum
1395 403 1445 443 T.
1472 403 1616 444 Minu-

259 462 370 503 cium
408 462 567 503 Rufum
605 471 646 504 ct
684 463 885 517 Hippiam
916 463 1215 504 Thessalorum
1252 473 1484 518 praetorem
1521 479 1616 506 cum

259 525 468 579 praesidio
493 525 670 566 intrasse
696 526 945 580 accepisset,
977 541 1029 567 ne
1061 534 1263 581 temptata
1288 526 1458 580 quidem
1484 542 1618 582 oppu-

258 587 455 641 gnatione
492 595 848 642 praetergressus,
887 587 1069 629 Elatiam
1101 597 1142 630 et
1177 588 1378 630 Gonnum
1414 589 1617 644 perculsis

214 662 233 691 8
258 649 472 704 inopinato
499 649 686 691 adventu
711 649 931 704 oppidanis
964 651 1133 706 recepit.
1193 660 1370 705 utraque
1396 651 1551 706 oppida
1574 651 1617 692 in

258 711 452 752 faucibus
478 718 573 752 sunt
600 726 685 765 qua
704 712 866 767 Tempe
892 712 1060 762 adeunt,
1088 713 1221 768 magis
1243 712 1436 755 Gonnus.
1473 714 1617 768 itaque

259 781 299 814 et
330 773 511 815 firmiore
543 774 586 814 id
619 774 827 828 praesidio
852 783 988 815 tutum
1019 775 1205 828 equitum
1235 775 1526 830 peditumque,
1564 775 1617 816 ad

215 850 232 877 a
258 834 337 876 hoc
361 835 476 876 fossa
500 836 652 890 triplici
677 850 725 877 ac
750 836 860 876 vallo
886 837 1093 877 munitum
1117 837 1297 890 reliquit.
1339 837 1429 892 ipse
1455 838 1509 879 ad
1535 837 1617 880 Su-

259 897 419 937 curium
446 912 691 951 progressus
711 898 892 952 opperiri
916 898 975 938 ibi
999 898 1182 939 hostium
1207 899 1433 939 adventum
1459 901 1616 948 statuit,

259 959 382 998 simul
415 966 456 999 et
485 959 733 1000 frumentari
764 960 922 1013 passim
953 959 1183 1001 exercitum
1213 960 1331 1001 iubet
1361 960 1404 1001 in
1429 961 1617 1002 subiecto

194 1035 233 1063 10
258 1019 441 1060 hostium
466 1035 580 1075 agro.
618 1035 800 1074 namque
816 1020 1044 1062 Sucurium
1064 1029 1125 1062 est
1151 1022 1230 1062 sub
1254 1022 1465 1063 radicibus
1480 1021 1618 1064 Ossae

257 1082 422 1122 montis.
483 1096 568 1136 qua
596 1082 640 1123 in
664 1083 879 1124 meridiem
905 1082 1058 1137 vergit,
1090 1083 1300 1124 subiectos
1333 1083 1459 1126 habet
1484 1084 1619 1126 Thes-

259 1144 386 1185 saliae
412 1159 604 1199 campos,
639 1145 692 1185 ab
717 1154 836 1200 tergo
861 1145 1160 1186 Macedoniam
1185 1154 1310 1199 atque
1335 1146 1616 1201 BIagnesiam.

193 1220 230 1249 11
259 1206 312 1247 ad
338 1206 412 1247 has
438 1207 771 1261 opportunitates
803 1207 965 1248 accedit
996 1222 1160 1248 summa
1185 1208 1406 1249 salubritas
1432 1216 1473 1250 et
1497 1208 1619 1263 copia

257 1269 447 1322 pluribus
474 1269 748 1310 circumiectis
774 1269 961 1310 fontibus
986 1269 1233 1324 perennium
1257 1284 1474 1323 aquarum.

216 1345 229 1373 1
342 1330 438 1372 LV.
478 1329 639 1372 Consul
664 1332 882 1373 Romanus
921 1347 996 1386 per
1033 1332 1202 1373 eosdem
1234 1333 1321 1374 dies
1354 1333 1617 1374 Thessaliam

258 1406 354 1433 cum
386 1393 571 1434 exercitu
606 1401 754 1449 petens
786 1394 864 1435 iter
895 1394 1137 1448 expeditum
1169 1395 1303 1449 primo
1333 1409 1409 1449 per
1438 1395 1617 1450 Epirum

258 1453 423 1503 habuit3
451 1455 601 1496 deinde
626 1466 849 1509 postquam
868 1456 911 1495 in
926 1456 1226 1497 Athamaniam
1247 1464 1309 1497 est
1333 1464 1617 1511 transgressus

258 1516 394 1570 asperi
419 1531 467 1557 ac
492 1531 623 1571 prope
648 1518 749 1557 invii
775 1517 871 1566 soli,
899 1532 994 1558 cum
1019 1517 1179 1571 ingenti
1206 1517 1452 1559 difficultate
1477 1518 1616 1573 parvis

214 1591 232 1620 3
258 1578 475 1619 itineribus
501 1594 626 1633 aegre
653 1578 874 1634 Gomphos
900 1579 1108 1634 pervenit3
1142 1579 1209 1620 cui
1240 1580 1274 1620 si
1298 1580 1459 1621 vexatis
1484 1580 1618 1621 homi-

257 1640 381 1681 nibus
408 1641 610 1695 equisque
643 1642 820 1683 tironem
846 1642 1075 1683 exercitum
1101 1641 1270 1683 ducenti
1301 1642 1389 1683 acie
1414 1643 1618 1683 instructa

259 1710 299 1743 et
323 1703 414 1744 loco
441 1718 516 1744 suo
537 1712 578 1744 et
603 1711 789 1758 tempore
811 1704 1039 1744 obstitisset
1063 1718 1151 1752 rex,
1176 1719 1228 1744 ne
1241 1704 1422 1745 Romani
1447 1705 1617 1758 quidem

213 1777 233 1806 4
259 1764 447 1805 abnuunt
472 1780 627 1820 magna
652 1781 729 1806 sua
754 1781 850 1807 cum
875 1766 992 1806 clade
1018 1765 1147 1807 fuisse
1172 1773 1445 1820 pugnaturos.
1504 1775 1619 1822 post-

259 1840 385 1879 quam
412 1826 632 1881 Gomphos
658 1828 747 1868 sine
772 1828 997 1868 certamine
1022 1835 1194 1869 ventum
1221 1836 1300 1876 est,
1325 1836 1489 1883 praeter
1512 1844 1618 1884 gau-

259 1889 375 1928 dium
389 1889 610 1943 periculosi
625 1890 754 1930 saltus
770 1889 955 1944 superati
969 1897 1232 1944 contemptus
1248 1904 1415 1943 quoque
1435 1891 1617 1932 hostium

213 1965 232 1993 5
259 1950 363 1991 adeo
388 1950 672 2005 ignorantium
698 1951 1031 2006 opportunitates
1057 1967 1154 1992 suas
1180 1952 1366 1992 accessit.
1415 1953 1618 1994 sacrificio

257 2011 334 2053 rite
358 2012 545 2066 perfecto
572 2014 718 2054 consul
744 2021 785 2055 ct
810 2013 1020 2055 frumento
1042 2013 1139 2054 dato
1161 2014 1363 2054 militibus
1388 2029 1545 2069 paucos
1564 2014 1618 2056 ad

257 2075 445 2127 requiem
470 2075 752 2116 iumentorum
773 2076 1075 2129 hominumque
1094 2084 1279 2116 moratus
1301 2076 1402 2126 dies,
1428 2091 1524 2118 cum
1544 2093 1619 2118 au-

259 2137 365 2177 diret
384 2138 530 2192 vagari
543 2137 803 2179 hlacedonas
825 2138 980 2180 effusos
1006 2154 1081 2192 per
1095 2138 1356 2180 Thessaliam
1378 2140 1618 2193 vastarique

259 2199 467 2239 sociorum
492 2215 637 2253 agros,
675 2200 774 2241 satis
807 2200 891 2241 iani
916 2201 1121 2241 refectum
1146 2200 1319 2241 militem
1345 2201 1398 2241 ad
1423 2201 1618 2242 Larisam

217 2274 234 2303 b*
261 2261 387 2301 ducit.
447 2261 543 2302 inde
575 2277 671 2303 cum
702 2263 781 2303 tria
811 2263 925 2303 milia
958 2263 1089 2303 ferme
1115 2262 1298 2312 abesset,
1336 2263 1389 2303 ad
1414 2263 1619 2318 Tripolim

257 2346 314 2351 —
327 2322 506 2363 Scaeam
529 2333 752 2365 vocant—
766 2340 892 2379 super
905 2324 1097 2365 Peneum
1117 2340 1283 2365 amnem
1310 2326 1449 2379 posuit.
1468 2317 1615 2366 eastra.

216 2399 232 2427 7
259 2398 333 2436 per
357 2383 468 2423 idem
494 2392 658 2439 tempus
671 2385 886 2427 Eumenes
911 2387 966 2427 ad
980 2384 1225 2427 Chalcidem
1246 2387 1423 2427 navibus
1444 2388 1617 2428 accessit

261 2459 356 2485 cum
381 2445 524 2485 Attalo
557 2454 682 2500 atque
708 2449 929 2489 Athenaeo
961 2448 1180 2496 fratribus,
1217 2448 1456 2490 Philetaero
1490 2450 1616 2491 fratre

260 2506 402 2547 relicto
427 2507 627 2561 Pergami
653 2509 706 2549 ad
731 2511 903 2550 tutelam
929 2510 1062 2564 regni.
1123 2509 1325 2552 Chalcide
1351 2526 1446 2553 cum
1470 2512 1615 2552 Attalo

261 2577 303 2610 et
326 2577 524 2623 quattuor
548 2571 716 2611 milibus
742 2572 944 2625 peditum,
971 2573 1084 2614 mille
1109 2574 1298 2626 equitum
1322 2573 1375 2614 ad
1401 2574 1614 2615 consulem

217 2647 236 2676 8
262 2632 394 2682 venit3
427 2631 630 2674 Chalcide
655 2633 799 2675 relicta
824 2634 907 2675 duo
933 2634 1048 2675 milia
1071 2635 1278 2689 peditum,
1303 2636 1456 2689 quibus
1480 2635 1614 2678 Athe-

214 1468 232 1497 ΙΨ
