1804 2926
260 218 343 260 228
672 224 717 259 Τ.
742 224 851 261 LIVI
874 223 1207 260 FRAGMENTA.

260 319 378 364 piem,
404 327 512 362 quem
526 317 572 352 ad
590 316 738 351 modum
750 316 889 351 bellum
903 316 1150 351 administrari
1169 315 1293 359 vellet,
1321 319 1406 352 ante
1420 316 1554 361 omnia,
1580 320 1622 350 ut

260 366 313 399 ita
326 363 444 397 socias
457 363 624 397 civitates
636 365 812 406 tueretur,
837 373 884 397 ne
899 362 978 397 acie
991 373 1074 396 cum
1087 362 1238 397 Metello
1254 362 1454 405 dimicaret,
1481 362 1540 396 cui
1552 373 1621 396 nec

261 408 481 444 auctoritate
499 419 570 442 nec
587 408 726 442 viribus
750 418 818 452 par
842 412 957 442 esset:
981 419 1028 443 ne
1053 408 1124 453 ipsi
1150 408 1298 452 quidem
1323 407 1515 441 consilium
1540 417 1620 442 esse

261 455 395 489 ducere
423 454 632 497 [ad]versus
651 453 875 497 Ponpeium3
899 463 1020 498 neque
1045 453 1083 487 in
1109 453 1226 488 aciem
1252 453 1515 488 descensurum
1539 463 1622 487 eum

261 500 456 535 credebat:
481 499 511 533 si
530 498 738 533 traheretur
756 498 911 541 bellum,
936 498 1033 533 hosti
1052 510 1135 533 cum
1154 509 1254 533 mare
1274 498 1321 532 ab
1346 501 1452 543 tergo
1476 497 1621 542 provin-

261 546 409 590 ciasque
429 555 553 579 omnes
578 544 616 578 in
638 547 824 589 potestate
844 544 1013 587 haberet,
1039 544 1194 578 navibus
1214 544 1376 588 undique
1398 545 1622 577 commeatus

260 595 450 634 venturos3
476 590 547 634 ipsi
567 592 701 633 autem,
728 589 952 634 consumptis
971 589 1091 633 priore
1112 592 1254 624 aestate
1278 599 1373 634 quae
1398 591 1624 633 praeparata

260 636 427 679 fuissent,
453 635 614 669 omnium
632 646 755 669 rerum
773 634 936 678 inopiam
955 634 1045 670 fore.
1093 634 1321 679 Perpernam
1339 634 1377 669 in
1402 633 1622 667 maritimam

259 682 450 727 regionem
468 680 756 726 superpositum,
783 684 825 714 ut
843 690 899 723 ca,
926 690 1021 724 quae
1039 679 1186 724 integra
1207 680 1327 714 adhuc
1346 679 1393 713 ab
1411 679 1516 713 hoste
1536 678 1621 722 sint,

260 727 355 761 tueri
373 730 508 771 posset,
535 730 582 770 et,
609 726 639 759 si
660 736 733 770 qua
747 725 891 760 occasio
906 725 1023 768 detur,
1049 724 1217 759 incautos
1236 736 1302 769 per
1315 728 1458 769 tempus
1473 724 1622 769 adgres—

260 784 395 806 surum.
443 772 522 816 ipse
543 782 625 805 cum
650 782 714 805 suo
735 771 897 805 exercitu
916 770 953 804 in
972 770 1135 805 Berones
1155 774 1192 804 et
1209 770 1430 804 Autricones
1449 768 1623 815 progredi

259 818 407 861 statuit3
433 828 456 851 a
469 817 601 861 quibus
614 828 725 860 saepe
738 827 806 861 per
817 816 984 858 hiemem,
1013 827 1095 849 cum
1110 815 1157 849 ab
1171 826 1209 849 se
1223 819 1526 860 oppugnarentur
1542 813 1623 848 Cel-

259 863 437 907 tiber[ae]
459 862 580 904 urbes,
608 862 833 906 inploratam
853 872 932 895 esse
952 872 1060 905 opem
1079 860 1222 904 Ponpei
1241 864 1460 904 conpererat
1477 860 1622 893 missos-

261 919 331 952 que
358 908 421 959 qui
444 907 577 941 itinera
602 906 777 941 exercitui
800 906 967 940 Romano
993 908 1256 948 monstrarent,
1290 909 1327 939 et
1352 905 1434 948 [ab]
1461 905 1623 949 ipsorum

260 953 445 997 equitibus
458 955 608 986 vexatos
623 962 733 995 saepe
747 951 881 985 milites
896 962 992 993 suos,
1008 960 1237 994 quocumque
1252 961 1274 983 a
1287 950 1415 983 castris
1429 961 1496 994 per
1508 960 1623 994 oppu-

260 998 474 1043 gnationem
488 997 709 1032 Contrebiae
722 996 926 1040 pabulandi
941 999 1005 1029 aut
1017 995 1268 1029 frumentandi
1281 1006 1393 1029 causa
1406 995 1622 1041 pr0[grede-

259 1046 415 1086 rentur].
464 1042 543 1076 ausi
563 1045 640 1076 tum
655 1052 799 1086 quoque
821 1043 960 1083 [erant]
974 1041 1162 1075 Arevaeos
1176 1040 1213 1074 in
1231 1043 1374 1084 part[es
1394 1040 1624 1082 sollicitare}

261 1089 360 1124 edito
386 1088 518 1134 [igitur
543 1087 726 1131 exemplo]
760 1086 850 1120 belli
874 1086 1067 1120 consilium
1091 1097 1129 1120 se
1154 1085 1344 1129 initurum,
1376 1088 1499 1119 utrum
1523 1086 1625 1130 prius

260 1135 419 1176 hostem,
446 1137 567 1167 utram
590 1131 818 1177 provinciam
847 1134 1004 1176 [petat];
1028 1131 1298 1165 maritimamne
1318 1141 1436 1174 oram,
1462 1134 1504 1164 ut
1528 1131 1625 1165 Pon—

259 1180 383 1224 peium
397 1178 444 1213 ab
458 1178 667 1213 Ilercaonia
681 1181 718 1212 et
731 1176 972 1212 Contestania
985 1180 1122 1221 arceat,
1147 1180 1305 1221 utraque
1319 1177 1420 1211 socia
1433 1180 1557 1222 gente,
1578 1187 1625 1211 an

260 1226 308 1260 ad
322 1224 514 1259 Metellum
528 1228 564 1258 et
577 1222 812 1257 Lusitaniam
825 1234 862 1256 se
877 1226 1080 1257 convertat.

328 1270 434 1304 Haec
449 1280 573 1304 secum
587 1269 735 1314 agitans
750 1267 932 1302 Sertorius
949 1271 1099 1312 praeter
1111 1266 1292 1302 Hiberum
1313 1278 1457 1302 amnem
1476 1278 1544 1312 per
1560 1278 1625 1313 pa—

260 1319 362 1350 catos
388 1326 497 1361 agros
523 1315 687 1359 quietum
713 1313 911 1348 exercitum
937 1314 1014 1348 sine
1032 1313 1143 1347 ullius
1161 1323 1258 1347 noxa
1278 1312 1391 1347 duxit.
1438 1313 1626 1357 profectus

260 1362 346 1396 inde
370 1361 409 1395 in
433 1361 665 1394 Bursaonum
691 1363 727 1393 et
752 1358 1057 1393 Cascantinorum
1082 1362 1119 1393 et
1144 1357 1497 1392 G1·acmu·itanorum
1521 1357 1624 1403 fines,

260 1406 436 1441 evastatis
451 1405 619 1440 omnibus
630 1404 927 1450 proculcatisque
941 1404 1141 1450 segetibus,
1157 1404 1204 1438 ad
1218 1403 1432 1449 Calagurim
1439 1404 1624 1446 Nasicam,

261 1452 442 1486 sociorum
460 1451 606 1493 urbem,
633 1450 750 1493 venit,
776 1454 1101 1495 transgressusque
1129 1460 1273 1483 amnem
1297 1449 1520 1494 propinqum
1543 1449 1627 1483 urbi

260 1501 372 1542 ponte
387 1496 487 1531 facto
507 1500 631 1529 castra
650 1495 783 1539 posuit.
832 1500 980 1539 postero
1001 1495 1059 1529 die
1078 1494 1127 1527 M.
1148 1494 1307 1528 Marium
1332 1499 1564 1538 quaestorem
1588 1495 1626 1528 in

260 1543 448 1576 Arevaeos
469 1545 506 1575 et
519 1541 745 1575 Cerindones
766 1540 864 1574 misit
883 1540 930 1573 ad
949 1539 1235 1574 conscribendos
1255 1539 1354 1574 exiis
1368 1539 1541 1585 gentibus
1560 1540 1626 1574 mi-

262 1588 344 1621 lites
363 1587 659 1630 frumentumque
679 1585 763 1619 iude
785 1585 1032 1628 Contrebiam,
1062 1587 1188 1629 [quae]
1205 1584 1383 1619 Leucada
1403 1596 1423 1618 a
1452 1585 1624 1629 pellatur,

262 1632 565 1677 conportandum,
592 1634 741 1675 praeter
755 1641 865 1675 quam
877 1630 1006 1664 urbem
1020 1629 1349 1674 opportunissimus
1364 1641 1406 1664 ex
1454 1631 1626 1664 eronibus

261 1678 437 1712 transitus
453 1680 542 1719 erat,
570 1676 608 1710 in
622 1686 889 1720 quamcumque
909 1675 1098 1721 regionem
1112 1675 1245 1709 ducere
1261 1675 1459 1709 exercitum
1478 1676 1625 1710 statuis-

262 1728 333 1767 set,
348 1726 386 1757 et
398 1722 437 1757 C.
452 1721 642 1765 Insteium,
658 1720 885 1765 praefectum
899 1721 1074 1772 equitum,
1090 1719 1286 1772 Segoviam
1300 1721 1386 1755 etin
1400 1720 1626 1764 Va[c]caeo-

260 1780 341 1802 rum
354 1772 504 1813 gentem
518 1767 564 1801 ad
574 1767 737 1811 equitum
752 1766 1057 1810 conquisitionem
1070 1766 1178 1807 misit,
1194 1765 1332 1799 iussum
1345 1777 1428 1800 cum
1441 1766 1627 1810 equitibus

262 1813 484 1848 Contrebiae
499 1824 578 1847 sese
593 1812 765 1856 opperiri.
803 1811 959 1845 dimissis
974 1811 1018 1844 iis
1031 1811 1108 1855 ipse
1123 1810 1320 1855 profectuS,
1336 1823 1403 1855 per
1415 1810 1627 1846 Vasconum

263 1870 392 1904 agrum
407 1858 516 1892 ducto
531 1858 702 1900 exercitu,
729 1857 766 1891 in
786 1855 945 1891 confinio
958 1856 1144 1890 Beronum
1162 1856 1285 1900 posuit
1298 1861 1430 1890 castra.
1478 1861 1627 1902 postero

262 1905 321 1939 die
335 1915 417 1938 cum
438 1903 621 1948 equitibus
640 1913 880 1947 praegressus
901 1902 948 1936 ad
968 1902 1103 1936 itinera
1121 1901 1358 1945 exploranda,
1384 1901 1482 1936 iusso
1501 1903 1626 1947 pedite

262 1949 441 1994 quadrato
468 1948 614 1993 agmine
640 1948 760 1992 sequi,
788 1948 835 1981 ad
854 1946 1046 1989 Vareiam,
1072 1946 1337 1981 validissimam
1361 1947 1524 1992 regionis
1550 1947 1627 1982 eius

260 1995 405 2036 urbem,
431 1994 542 2028 venit.
591 1993 691 2027 haud
710 1992 988 2037 inopinantibus
1013 1992 1058 2026 iis
1082 1996 1194 2026 noctu
1220 1991 1437 2034 advenerat,
1464 1993 1627 2038 undique

261 2039 446 2085 equitibus
461 2043 498 2073 et
511 2050 599 2073 suae
613 2038 734 2084 gentis
749 2042 785 2073 et
797 2038 1060 2081 Autric[onum
1074 2063 1081 2071 .
1098 2064 1105 2071 .
1122 2041 1161 2080 .].
1196 2037 1249 2081 Cf.
1264 2039 1328 2071 vol.
1343 2037 1362 2070 I
1369 2049 1406 2082 p.
1421 2037 1489 2071 XI.

331 2090 345 2105 ¹·
359 2085 418 2130 520)
444 2084 526 2118 Hoc
546 2084 705 2128 primum
722 2083 903 2128 proelium
923 2083 1019 2118 inter
1034 2082 1235 2118 Sertorium
1254 2086 1292 2117 et
1308 2082 1528 2127 Pompeium
1545 2083 1627 2118 fuit.

262 2131 391 2165 decem
410 2130 511 2164 milia
528 2129 717 2163 hominum
737 2129 782 2164 de
801 2129 970 2173 Pompeii
989 2128 1150 2167 exercitu
1169 2128 1303 2162 amissa
1317 2131 1354 2162 et
1372 2128 1495 2163 omnia
1513 2128 1626 2174 impe-

263 2177 437 2220 dimenta,
463 2175 592 2210 Livius
605 2178 734 2210 auctor
747 2178 815 2209 est.
860 2175 1018 2208 Frontin.
1033 2176 1182 2218 Straiey.
1198 2173 1237 2207 ΙΙ
1249 2174 1282 2217 5,
1297 2173 1352 2207 31.

737 2244 812 2269 LIB.
827 2250 853 2269 8.
868 2251 895 2269 u.
911 2251 934 2269 c.
949 2244 1148 2268 Lxxxxml.

329 2289 389 2333 21)
414 2289 541 2323 Livius
560 2289 599 2323 in
621 2288 716 2323 libro
740 2287 980 2333 nonagesimo
1000 2291 1131 2332 quarto
1151 2286 1350 2322 Inarimem
1374 2287 1412 2320 in
1432 2286 1628 2323 Maeoniae

262 2335 430 2380 partibus
456 2345 536 2369 esse
562 2334 667 2376 dicit,
700 2334 764 2368 ubi
790 2333 1063 2378 quinquaginta
1087 2333 1188 2366 milia
1212 2336 1333 2367 terrae
1360 2333 1523 2378 [iugera]
1550 2333 1627 2378 igni

262 2380 606 2461 ⁴‹iix‘eilizst{zs1si11111t.37115100
620 2380 731 2415 etiam
744 2379 946 2413 Homerum
959 2376 1188 2424 significasse
1201 2378 1288 2413 vult.
1327 2381 1424 2413 Serv.
1439 2380 1485 2412 acl
1507 2379 1627 2423 Ver-qil.

730 2494 744 2508 *
757 2495 829 2520 Llss,
845 2500 870 2518 a.
885 2500 913 2519 u.
929 2500 953 2519 c.
966 2493 1161 2519 Lxxxxvn.

331 2538 391 2583 2⁴2>
417 2537 590 2584 Triginta
608 2537 768 2583 quinque
787 2538 890 2572 milia
908 2541 1131 2572 armatorum
1150 2537 1383 2582 (sityz'tivorum
1401 2548 1446 2571 sc.
1463 2549 1485 2571 a
1501 2539 1628 2572 Crasso

264 2583 485 2628 devictorum)
510 2595 553 2618 eo
578 2584 719 2628 proelio
744 2582 941 2618 interfecta
965 2594 1048 2617 cum
1071 2583 1160 2627 ipsis
1179 2583 1334 2617 ducibus
1355 2582 1482 2616 Livius
1500 2582 1625 2625 tradit,

263 2632 434 2679 receptas
455 2629 616 2673 quinque
635 2629 884 2663 Romanorum
903 2628 1057 2673 aquilas,
1085 2628 1194 2674 signa
1212 2640 1274 2662 sex
1288 2632 1325 2663 et
1343 2627 1485 2673 viginti,
1512 2627 1628 2662 multa

265 2673 410 2751 estufin-³4
422 2674 518 2708 inter
536 2685 631 2718 quae
651 2674 812 2718 quinque
831 2673 950 2708 fasces
969 2685 1052 2708 cum
1066 2673 1265 2708 securibus.
1314 2673 1468 2707 Frontz‘n.
1488 2679 1625 2716 stt-atey.

318 2728 371 2761 o,-
414 2744 420 2751 .
