1804 2926
247 479 287 507 10

249 726 285 754 ll

270 1219 287 1248 10

271 1467 289 1495 3

273 1659 292 1686 4

273 1906 291 1934 5

276 2090 293 2119 6

277 2339 293 2368 7

278 2583 296 2612 8

315 166 394 208 178
583 172 735 206 LIBER
760 170 957 214 xxxxv,
984 170 1038 204 ⁴28.
1060 170 1115 203 29.
1145 171 1192 213 [a.
1209 180 1242 203 u.
1259 169 1385 214 0.587]

313 278 503 320 cessisset
527 301 583 305 —
613 276 656 316 id
692 276 774 317 dici
811 275 889 316 iter
925 282 987 316 est
1018 298 1074 302 —
1104 274 1242 328 ipsum
1281 272 1450 326 quidem
1485 272 1666 328 benigne

312 341 515 381 allocutus
541 345 601 380 est
611 354 622 387 3
655 346 838 379 ceterum
869 344 1093 391 postquam
1124 336 1167 376 in
1192 342 1328 375 castra
1354 334 1407 375 ad
1431 335 1668 390 Amphipo-

311 403 385 443 lim
421 401 555 450 vcnit,
599 400 784 455 graviter
824 399 1080 454 increpuisse
1117 398 1293 439 traditur
1330 396 1379 438 C.
1419 397 1667 452 Sulpicium,

313 465 494 521 primum
519 464 632 519 quod
656 463 815 504 Persea
839 471 923 504 tam
949 462 1095 517 procul
1119 478 1143 503 a
1169 477 1212 503 se
1233 461 1378 515 vagari
1404 476 1479 516 per
1502 460 1670 515 provin-

313 529 419 570 ciam
444 542 593 582 passus
619 533 741 574 essct,
768 525 917 566 deinde
939 525 1051 578 quod
1071 525 1175 565 adeo
1195 524 1434 565 indulsisset
1454 523 1669 571 militibus,

311 598 358 631 ut
392 589 552 631 nudare
582 587 733 642 tegulis
766 602 907 627 muros
939 586 1055 627 urbis
1092 587 1145 627 ad
1182 586 1362 640 tegenda
1399 585 1670 627 hibernacula

313 667 389 693 sua
424 657 649 706 pateretur.
710 648 940 701 referrique
975 648 1139 703 tegulas
1172 656 1213 689 et
1248 648 1361 689 refici
1399 655 1528 696 tecta,
1564 646 1669 687 sieut

313 713 491 761 fuerant,
516 712 649 753 iussit.
709 719 747 752 ct
774 710 930 751 Persea
955 710 1125 763 quidem
1151 726 1245 751 eum
1271 710 1426 751 maiore
1458 708 1542 749 filio
1566 708 1669 748 Phi-

312 775 425 829 lippo
462 774 633 815 traditos
670 773 725 813 A.
762 772 979 813 Postumio
1020 771 1064 812 in
1100 772 1332 813 custodiam
1368 772 1499 820 misit,
1542 770 1670 811 filiam

313 851 409 878 cum
434 836 592 876 minore
618 835 702 875 filio
729 850 751 875 a
774 834 1047 876 Samothrace
1073 834 1226 874 accitos
1244 833 1533 888 Amphipolim
1558 831 1673 873 omni

312 898 474 940 liberali
500 898 614 937 cultu
640 896 800 937 habuit.

398 959 645 1001 XXVIIII.
682 959 802 1012 Ipse,
833 958 907 998 ubi
932 957 1019 997 dies
1045 956 1180 1005 venit,
1211 970 1293 1010 quo
1320 956 1467 997 adesse
1491 955 1673 1011 Amphi-

312 1022 397 1078 poli
417 1022 545 1063 denos
568 1020 776 1075 principes
799 1019 1029 1060 civitatium
1048 1019 1237 1067 iusserat,
1263 1019 1505 1072 litterasque
1525 1017 1672 1066 omnis,

313 1100 420 1139 quae
445 1084 602 1137 ubique
636 1082 849 1138 depositae
875 1088 1032 1130 essent,
1065 1089 1103 1123 et
1137 1081 1358 1135 pecuniam
1390 1081 1550 1135 regiam
1575 1095 1674 1121 con-

314 1147 432 1195 ferri,
470 1162 567 1188 eum
599 1146 744 1187 decem
776 1145 946 1199 legatis,
985 1144 1238 1185 circumfusa
1263 1143 1375 1184 omni
1406 1142 1672 1184 multitudine

313 1209 613 1257 Macedonum,
639 1208 681 1248 in
707 1206 905 1248 tribunali
931 1206 1130 1247 consedit.
1191 1206 1376 1247 adsuetis
1401 1206 1517 1260 regio
1542 1205 1674 1259 impe-

313 1273 374 1313 rio
405 1279 546 1312 tamen
576 1285 733 1311 novum
764 1269 943 1310 formam
976 1268 1202 1310 terribilem
1232 1268 1444 1323 praebuit:
1478 1267 1673 1316 tribunal,

314 1342 523 1376 summoto
555 1333 712 1380 aditus,
738 1346 909 1386 praece,
936 1346 1157 1380 accensus,
1183 1331 1347 1372 insueta
1373 1330 1512 1371 omnia
1543 1329 1673 1370 oculis

315 1397 591 1449 auribusque,
618 1409 725 1448 quae
751 1395 817 1434 vel
844 1393 990 1442 socios,
1016 1394 1173 1434 nedum
1198 1393 1338 1433 hostes
1364 1393 1495 1433 victos
1521 1400 1674 1433 terrere

315 1466 497 1514 possent.
558 1457 722 1498 silentio
753 1471 827 1510 per
864 1470 1113 1510 praeconem
1150 1456 1282 1503 facto,
1320 1455 1481 1495 Paulus
1506 1454 1673 1501 Latine,

316 1535 424 1574 quae
450 1519 631 1567 senatui,
664 1533 771 1572 quae
798 1517 876 1557 sibi
909 1533 960 1558 ex
986 1517 1146 1558 consilii
1172 1518 1377 1558 sententia
1408 1517 1497 1557 visa
1522 1524 1673 1564 essent,

316 1581 615 1636 pronuntiavit.
676 1596 725 1620 ea
757 1578 837 1620 Cn.
872 1577 1077 1619 Octavius
1109 1587 1277 1633 praetor
1299 1603 1357 1607 —
1380 1594 1476 1619 nam
1509 1585 1547 1619 et
1584 1578 1673 1633 ipse

319 1643 814 1697 aderat—interpretata
840 1656 1030 1682 sermone
1046 1640 1212 1682 Graeco
1232 1641 1458 1682 referebat:
1487 1640 1674 1681 omnium

316 1707 499 1761 primum
528 1706 680 1746 liberos
712 1719 802 1746 esse
833 1704 978 1745 iubere
1009 1704 1288 1753 Macedonas,
1325 1703 1518 1744 habentis
1549 1703 1674 1743 urbes

319 1768 487 1810 casdem
518 1781 744 1822 agrosque,
781 1773 945 1807 utentes
975 1766 1140 1819 legibus
1165 1766 1271 1815 suis,
1309 1780 1469 1806 annuos
1496 1765 1674 1806 creantis

319 1830 608 1884 magistratus3
640 1829 843 1869 tributum
869 1827 1088 1868 dimidium
1119 1827 1210 1868 eius
1236 1828 1349 1880 quod
1380 1827 1673 1882 pependissent

318 1892 488 1946 regibus
531 1892 714 1946 pendere
752 1891 906 1945 populo
937 1890 1143 1931 Romano.
1211 1889 1361 1930 deinde
1398 1890 1438 1929 in
1479 1898 1676 1944 quattuor

318 1954 509 2008 regiones
542 1953 671 1994 dividi
695 1952 1011 1993 Macedoniam:
1043 1967 1170 1992 unam
1195 1951 1285 1993 fore
1311 1959 1349 1993 et
1379 1951 1558 2006 primam
1581 1966 1677 2005 par-

318 2023 403 2056 tem
435 2015 549 2069 quod
580 2015 671 2070 agri
702 2015 810 2056 inter
835 2013 1105 2069 Strymonem
1136 2020 1176 2055 et
1200 2014 1382 2055 Nessum
1414 2013 1464 2054 sit
1497 2028 1676 2062 amnem,

320 2092 587 2119 accessurum
618 2077 714 2118 huic
747 2077 855 2132 parti
886 2084 999 2118 trans
1031 2076 1234 2126 Nessum,
1271 2076 1324 2117 ad
1355 2076 1555 2118 orientem
1584 2091 1678 2116 ver-

319 2156 432 2189 sum,
459 2154 542 2194 qua
567 2140 748 2181 Perseus
775 2139 977 2181 tenuisset
1000 2139 1129 2187 viCOS‚
1155 2139 1338 2187 castella,
1365 2139 1532 2193 oppida,
1557 2153 1678 2193 prae-

319 2209 381 2243 ter
416 2202 589 2243 Aenum
632 2210 673 2243 et
708 2202 959 2243 Maroneam
996 2208 1037 2243 et
1071 2201 1266 2250 Abdera3
1311 2201 1369 2241 cis
1408 2200 1677 2255 Strymonem

319 2272 461 2305 autem
496 2265 713 2319 vergentia
756 2265 810 2305 ad
846 2279 1061 2312 occasum,
1097 2263 1342 2305 Bisalticam
1379 2278 1545 2304 omnem
1581 2277 1677 2304 cum

319 2326 541 2375 Heraclea,
567 2341 694 2380 quam
710 2325 899 2368 Sinticen
919 2326 1143 2381 appellant.
1182 2326 1408 2367 secundam
1434 2326 1522 2367 fore
1541 2325 1678 2379 regio-

320 2402 431 2435 nem,
457 2402 582 2440 quam
609 2389 662 2429 ab
687 2397 780 2429 ortu
796 2388 967 2443 Strymo
993 2389 1315 2443 amplecteretur
1340 2388 1486 2436 amnis,
1512 2394 1677 2443 praeter

323 2446 523 2495 Sinticen,
549 2450 800 2491 Heracleam
827 2458 867 2491 et
891 2450 1093 2498 Bisaltas,
1120 2450 1173 2491 ab
1198 2465 1350 2491 occasu
1375 2450 1513 2490 Axius
1538 2448 1678 2490 termi-

322 2517 438 2549 naret
463 2510 627 2559 fluvius,
654 2513 804 2553 additis
818 2513 1073 2561 Paeonibus,
1100 2513 1172 2566 qui
1196 2527 1326 2568 prope
1340 2513 1502 2553 Axium
1521 2512 1676 2553 flumen

323 2570 376 2610 ad
406 2571 618 2624 regionem
650 2574 818 2614 orientis
851 2576 1046 2616 colerent.
1105 2576 1227 2616 tertia
1257 2591 1353 2630 pars
1384 2575 1514 2623 facta,
1550 2588 1675 2627 quam

324 2633 460 2672 Axius
487 2633 539 2673 ab
565 2634 742 2681 oriente,
766 2636 934 2677 Peneus
967 2637 1099 2678 amnis
1132 2638 1185 2677 ab
1211 2652 1362 2678 occasu
1393 2636 1565 2691 cingunt
1575 2651 1585 2684 3
1623 2634 1675 2674 ad
