1804 2926
280 161 362 202 194
552 169 704 202 LIBER
729 169 934 212 XXXXV,
961 170 1016 202 43.
1036 169 1090 202 44.
1121 171 1169 212 [a.
1183 181 1217 202 u.
1233 182 1262 204 c,
1278 170 1360 214 587]

234 289 251 317 4
276 273 573 328 perdomuerat
607 273 716 314 intra
752 288 909 328 paucos
941 274 1028 315 dies
1067 282 1176 315 terra
1213 275 1400 329 marique
1438 275 1634 327 ferocem,

275 336 377 376 locis
413 335 767 389 munimentisque
803 336 954 377 fretam
993 344 1164 391 gentem
1196 337 1433 391 Illyriorum
1444 355 1454 388 ;
1491 355 1636 395 regem

275 399 501 453 regiaeque
533 398 667 439 omnis
699 398 838 453 stirpis
870 408 1049 453 ceperat.
1117 401 1326 441 transtulit
1357 401 1400 442 in
1424 401 1636 457 triumpho

276 462 409 502 multa
439 461 635 503 militaria
667 461 788 516 signa
813 462 1029 516 spoliaque
1061 463 1142 504 alia
1167 471 1207 504 ct
1238 463 1540 517 supellectilem
1571 480 1637 506 re—

233 537 250 565 5
276 524 410 579 giam,
447 524 539 565 auri
573 524 714 579 pondo
745 524 895 578 viginti
927 535 969 566 et
1000 534 1182 579 septem,
1221 526 1384 580 argenti
1417 526 1564 567 decem
1596 534 1637 568 et

276 601 427 628 novem
452 586 613 641 pondo,
639 586 856 628 denarium
883 587 1028 628 decem
1053 587 1132 628 tria
1156 587 1291 637 milia,
1317 596 1355 629 et
1382 597 1551 630 centum
1576 588 1638 629 vi-

222 660 250 690 -6
277 649 384 704 ginti
414 650 530 690 milia
554 649 713 704 Illyrici
744 650 921 704 argenti.
984 658 1080 692 ante
1114 665 1282 691 currum
1314 651 1429 692 ducti
1455 649 1637 693 Gentius

277 727 350 754 rex
377 727 474 753 cum
499 712 679 767 coniuge
705 719 743 753 et
769 712 910 754 liberis
936 720 977 753 et
1003 711 1282 753 Caravantius
1308 714 1436 755 frater
1459 713 1571 769 regis
1597 722 1638 754 et

233 786 250 814 7
277 775 436 828 aliquot
471 775 633 816 nobiles
664 775 795 829 Illyri.
858 775 909 815 de
946 775 1103 829 praeda
1139 775 1339 816 militibus
1371 775 1414 816 in
1451 775 1638 830 singulos

276 837 569 891 quadragenos
596 837 745 890 quinos
771 837 985 886 denarios,
1018 837 1175 891 duplex
1200 838 1454 887 centurioni,
1486 837 1638 893 triplex

278 899 427 952 equiti,
465 899 587 939 sociis
623 899 804 940 nominis
834 898 979 940 Latini
1011 906 1217 952 quantum
1248 899 1409 940 civibus
1443 907 1483 941 et
1516 900 1638 941 sociis

233 972 252 1001 S
278 961 498 1002 navalibus
524 961 638 1002 dedit
669 968 872 1014 quantum
898 961 1115 1002 militibus.
1176 961 1324 1002 laetior
1356 961 1468 1002 hunc
1493 962 1635 1003 trium-

276 1023 409 1078 phum
433 1030 496 1064 est
520 1031 689 1064 secutus
720 1023 860 1072 miles,
891 1023 1118 1076 multisque
1145 1023 1231 1063 dux
1262 1023 1352 1078 ipse
1384 1024 1639 1065 carminibus

278 1085 526 1126 celebratus.
565 1084 802 1126 sestertium
827 1085 1072 1126 ducentiens
1093 1099 1145 1126 ex
1171 1100 1222 1126 ea
1245 1085 1402 1139 praeda
1421 1086 1639 1127 redactum

278 1162 368 1189 esse
388 1155 533 1189 auctor
553 1154 616 1189 est
628 1147 796 1197 Antias,
823 1154 988 1202 praeter
1008 1163 1159 1188 aurum
1179 1156 1500 1203 argentumque,
1525 1149 1640 1202 quod

277 1210 321 1250 in
352 1210 559 1251 aerarium
591 1210 644 1251 sit
673 1210 827 1259 latum3
863 1209 978 1263 quod
1014 1209 1113 1264 quia
1144 1210 1256 1251 unde
1288 1210 1423 1265 redigi
1459 1211 1640 1266 potuerit

233 1284 250 1313 9
277 1286 362 1313 non
388 1272 632 1327 apparebat,
659 1280 873 1314 auctorem
898 1286 974 1327 pro
999 1287 1044 1313 re
1070 1272 1206 1327 posui.
1244 1288 1320 1313 rex
1335 1271 1517 1314 Gentius
1543 1287 1640 1314 eum

277 1335 418 1376 liberis
451 1342 492 1376 et
528 1334 706 1389 coniuge
739 1342 780 1376 et
815 1335 944 1376 fratre
977 1334 1212 1389 Spoletium
1242 1334 1285 1375 in
1317 1335 1551 1377 custodiam
1587 1351 1640 1377 ex

279 1404 448 1438 senatus
468 1398 658 1438 consulto
680 1398 845 1445 ductus,
871 1398 997 1438 ceteri
1018 1397 1172 1452 captivi
1186 1397 1347 1438 Romae
1366 1398 1410 1438 in
1430 1412 1640 1439 carcerem

279 1459 474 1508 coniecti3
504 1459 880 1513 recusantibusque
912 1460 1146 1500 custodiam
1181 1459 1407 1513 Spoletinis
1439 1460 1638 1514 Iguvium

215 1532 254 1561 10
279 1536 400 1575 reges
426 1521 618 1562 traducti.
655 1521 830 1562 relicum
855 1536 907 1562 ex
921 1521 1090 1575 Illyrica
1113 1521 1272 1575 praeda
1297 1521 1465 1562 ducenti
1490 1522 1639 1576 viginti

279 1582 407 1624 lembi
445 1590 582 1632 erant,
619 1582 671 1623 de
703 1581 859 1623 Gentio
896 1598 995 1637 rege
1033 1583 1165 1637 capti3
1203 1597 1274 1624 eos
1313 1581 1560 1638 Corcyraeis
1597 1591 1639 1625 et

280 1645 621 1699 Apolloniatibus
659 1652 700 1686 ct
736 1645 1043 1699 Dyrrhachinis
1078 1645 1133 1698 Q.
1168 1644 1340 1686 Cassius
1381 1662 1432 1688 cx
1470 1655 1638 1688 senatus
1691 1643 1695 1648 ⁴

240 1751 243 1753 ,
281 1707 470 1748 consulto
496 1707 652 1748 tribuit.

240 1781 253 1808 1
367 1769 669 1810 XXXXHIL
698 1768 906 1810 Consules
929 1784 977 1810 co
999 1784 1108 1810 anno
1128 1785 1230 1824 agro
1253 1778 1416 1811 tantum
1430 1770 1641 1825 Ligurum

282 1832 505 1886 populato,
550 1846 647 1873 cum
688 1831 829 1872 hostes
867 1832 1075 1873 exercitus
1113 1847 1345 1885 numquam
1384 1833 1639 1882 eduxissent,

280 1895 395 1934 nulla
420 1909 463 1934 re
488 1894 748 1934 memorabili
772 1902 893 1948 gesta
917 1894 1098 1934 Romam
1123 1894 1177 1934 ad
1200 1894 1470 1949 magistratus
1495 1895 1642 1936 subro-

279 1957 441 2011 gandos
473 1956 707 2004 redierunt,
741 1965 782 1997 ct
811 1957 947 2011 primo
978 1957 1177 1997 comitiali
1209 1957 1275 1998 die
1309 1958 1500 1998 consules
1526 1972 1641 1999 crea-

238 2029 256 2058 2
282 2026 379 2059 runt
403 2019 465 2059 M.
482 2017 709 2059 Claudium
734 2018 1000 2067 Elarcellum,
1028 2017 1077 2059 C.
1095 2018 1329 2073 Sulpicium
1358 2018 1544 2068 Gallum,
1572 2020 1643 2060 de-

281 2081 378 2122 inde
420 2091 633 2135 praetores
676 2088 843 2135 postero
890 2081 957 2122 die
1000 2081 1052 2121 L.
1090 2081 1274 2131 Iulium,
1318 2081 1371 2122 L.
1408 2082 1640 2136 Apuleium

284 2142 573 2192 Saturninum,
598 2143 654 2183 A.
676 2143 890 2184 Licinium
916 2144 1115 2193 Nervam,
1140 2143 1192 2184 P.
1214 2144 1419 2185 Rutilium
1447 2143 1641 2192 Calvum,

282 2205 332 2246 P.
360 2205 637 2257 Quinctilium
667 2205 851 2255 Varum,
890 2205 953 2246 M.
978 2205 1216 2247 Fonteium.
1276 2206 1341 2246 his
1377 2206 1641 2260 praetoribus

284 2268 390 2309 duae
416 2268 603 2309 urbanae
635 2267 876 2322 provinciae
902 2275 999 2309 sunt
1025 2269 1236 2318 decretae,
1264 2269 1371 2310 duae
1397 2269 1643 2323 Hispaniae,

287 2329 431 2371 Sicilia
455 2344 503 2370 ac
529 2329 737 2371 Sardinia.
773 2384 775 2386 ‚

241 2407 259 2435 :3
370 2392 668 2433 Intercalatum
705 2407 754 2434 eo
792 2407 900 2433 anno
911 2409 921 2442 3
958 2393 1157 2448 postridie
1188 2392 1443 2434 Terminalia
1482 2391 1645 2446 [kalen-

287 2451 385 2506 dae]
416 2453 702 2495 intercalariae
732 2455 914 2496 fuerunt.
974 2470 1110 2509 augur
1141 2468 1189 2496 eo
1221 2469 1330 2495 anno
1361 2462 1549 2495 mortuus
1583 2461 1645 2495 est

288 2513 338 2556 C.
355 2513 577 2564 Claudius3
603 2517 645 2556 in
665 2517 753 2557 eius
772 2518 913 2558 locum
932 2532 1114 2572 augures
1138 2517 1331 2572 legerunt
1349 2517 1493 2557 Titum
1509 2515 1645 2568 Quin-

289 2577 417 2619 ctium
440 2577 737 2619 Flamininum.
777 2587 815 2620 et
842 2580 994 2621 flamen
1020 2579 1250 2632 Quirinalis
1277 2588 1465 2620 mortuus
1486 2578 1539 2630 Q.
1561 2577 1644 2617 Fa-

290 2639 382 2680 bius
408 2639 563 2680 Pictor.
