1804 2926
517 142 668 176 LIBER
692 140 920 183 xxxxm,
948 139 1076 173 16.17.
1103 138 1304 185 [a.e.169]
1507 130 1586 172 101

237 248 285 289 C.
303 246 488 301 Sulpicio
514 252 704 300 praetore
728 243 890 284 urbano
915 243 1043 297 petiit.
1082 258 1165 283 non
1183 243 1473 285 recusantibus
1493 258 1588 285 cen-
1620 260 1655 288 12

236 309 397 350 soribus
424 306 645 360 quominus
671 305 805 359 primo
831 319 997 358 quoque
1023 312 1209 359 tempore
1234 306 1434 347 iudicium
1460 307 1510 347 de
1542 322 1586 348 se

234 371 412 425 populus
438 369 613 416 faceret,
650 368 692 407 in
724 374 818 407 ante
851 367 938 408 dies
965 376 1159 408 octavum
1185 377 1223 409 et
1256 369 1477 422 septimum
1503 368 1585 409 kal.

234 432 439 473 Octobres
456 430 617 471 comitis
638 428 933 484 perduellionis
954 429 1065 470 dicta
1079 430 1179 470 dics.
1218 445 1408 472 censores
1429 440 1586 472 extem-
1614 445 1651 474 13

232 496 299 549 plo
324 495 368 534 111
393 494 542 534 atrium
558 492 786 533 Libertatis
812 491 1088 532 escenderunt
1109 500 1146 532 et
1168 492 1396 547 obsignatis
1423 493 1585 534 tabellis

232 556 409 610 publicis
446 556 671 607 clausoque
708 553 914 594 tabulario
947 561 987 594 et
1024 554 1203 595 dimissis
1241 555 1369 595 servis
1407 555 1584 610 publicis

230 625 458 673 negarunt,
504 632 547 658 se
585 617 700 671 prius
738 616 963 669 quicquam
1006 616 1163 670 publici
1199 617 1357 671 negotii
1392 625 1584 671 gesturos

230 696 356 734 quam
381 679 580 720 iudicium
606 678 750 733 populi
772 678 822 718 de
845 693 887 718 se
914 678 1071 718 factum
1092 686 1213 719 esset.
1251 679 1364 733 prior
1379 678 1583 720 Claudius
1614 694 1648 722 1-1

229 757 399 784 causam
424 742 545 789 dixit3
573 749 613 782 et
638 756 733 781 cum
754 756 805 782 ex
826 741 1046 781 duodecim
1067 741 1261 781 centuriis
1283 742 1470 794 equitum
1491 750 1583 782 octo

229 819 441 846 censorem
469 803 816 844 c‹:›ndcmnassent
845 803 1084 855 multaeque
1111 804 1215 844 aliae
1241 804 1399 858 primae
1426 804 1582 851 classis,

228 867 437 921 extemplo
474 866 681 920 principes
718 865 895 906 civitatis
932 865 975 906 in
1006 874 1231 920 conspectu
1268 867 1411 921 populi
1448 867 1582 907 anulis

229 929 363 969 aureis
389 928 532 982 positis
557 936 715 968 vestem
742 935 976 975 mutarunt,
1008 936 1052 968 ut
1080 929 1288 982 supplices
1314 929 1480 983 plebem
1505 930 1583 969 cir-

228 991 444 1031 cumirent.
492 990 674 1030 maxime
700 996 840 1029 tamen
867 990 1115 1030 sententiam
1141 991 1313 1032 vertisse
1340 991 1490 1031 dieitur
1514 991 1579 1031 Ti.
1609 1003 1647 1032 15

229 1052 466 1099 Gracchus,
505 1051 619 1104 quod
650 1066 746 1092 cum
779 1051 934 1091 clamor
964 1051 1150 1104 undique
1180 1052 1313 1106 plebis
1340 1060 1447 1093 esset
1474 1053 1582 1106 peri-

228 1115 369 1155 culum
406 1112 600 1155 Graccho
645 1128 729 1153 non
766 1128 876 1161 esse,
914 1114 1126 1167 conceptis
1164 1114 1301 1155 verbis
1339 1115 1510 1163 iuravit,
1549 1115 1582 1155 si

228 1177 389 1231 collega
415 1177 635 1216 damnatus
661 1183 788 1224 esset,
825 1191 909 1216 non
934 1184 1151 1230 expectato
1184 1177 1235 1217 de
1262 1191 1305 1217 se
1335 1177 1488 1218 iudicio
1514 1192 1583 1218 co-

228 1239 370 1280 mitem
396 1239 507 1279 cxilii
527 1238 615 1279 eius
642 1238 842 1278 futurum.
882 1238 985 1278 adeo
1012 1246 1151 1279 tamen
1169 1240 1222 1279 ad
1242 1246 1474 1280 extremum
1494 1241 1582 1294 spei
1610 1252 1647 1280 16

226 1302 339 1343 venit
363 1317 476 1347 rcus,
509 1308 552 1341 ut
579 1308 671 1341 octo
704 1300 915 1341 centuriae
941 1300 994 1340 ad
1019 1300 1328 1342 damnationem
1360 1302 1580 1343 defuerint.

225 1364 415 1404 absoluto
449 1362 627 1403 Claudio
663 1362 853 1403 tribunus
886 1361 1019 1417 plebis
1057 1363 1226 1417 negavit
1263 1378 1306 1404 se
1341 1362 1581 1405 Gracchum

226 1426 392 1467 morari.

308 1488 458 1530 XVII.
498 1487 562 1528 Eo
589 1502 698 1528 anno
723 1487 1033 1542 postulantibus
1056 1488 1393 1541 Aquileiensium
1417 1489 1580 1543 legatis,
1609 1499 1620 1527 1

223 1559 269 1591 ut
292 1565 513 1591 numerum
539 1550 781 1591 colonorum
802 1558 1017 1604 augerent,
1043 1550 1155 1592 millo
1181 1558 1218 1591 et
1239 1551 1493 1605 quingentae
1518 1551 1580 1592 fa-

223 1613 361 1653 miliae
388 1628 439 1653 ex
465 1620 634 1653 senatus
662 1613 850 1653 consulto
878 1613 1069 1667 scriptae,
1095 1613 1386 1666 triumvirique
1412 1613 1483 1667 qui
1509 1629 1578 1654 eas

223 1675 475 1715 deducerent
505 1673 620 1714 missi
646 1682 743 1714 sunt
767 1674 818 1714 T.
839 1675 1007 1715 Annius
1033 1674 1213 1723 Luscus,
1240 1674 1290 1715 P.
1311 1675 1470 1716 Decius
1498 1675 1580 1716 Su-

223 1736 336 1785 bulo,
361 1736 423 1776 M.
452 1734 672 1777 Cornelius
700 1734 929 1791 Cethegus.
993 1737 1140 1777 eodem
1166 1751 1274 1777 anno
1302 1735 1351 1777 C.
1372 1737 1578 1792 Popillius
1606 1749 1624 1777 2

223 1806 263 1839 et
279 1797 357 1838 Cn.
375 1797 579 1838 Octavius
600 1798 741 1852 legati,
768 1798 838 1851 qui
864 1799 907 1839 iu
923 1797 1147 1840 Graeciam
1169 1799 1282 1839 missi
1303 1807 1433 1847 erant,
1460 1815 1580 1840 sena-

225 1870 290 1899 tus
317 1860 552 1899 consultum
566 1860 723 1900 Thebis
744 1860 926 1914 primum
951 1861 1171 1902 recitatum
1197 1876 1272 1915 per
1296 1876 1439 1902 omnes
1454 1861 1579 1902 Pelo-

224 1921 397 1975 ponnesi
416 1921 540 1961 urbes
556 1921 909 1971 circumtulerunt,
935 1938 986 1964 ne
1001 1923 1093 1976 quis
1113 1924 1241 1964 ullam
1253 1938 1342 1964 rem
1360 1924 1403 1963 in
1422 1924 1579 1964 bellum

224 1982 535 2037 magistratibus
550 1982 751 2023 Romanis
777 1984 982 2025 conferret
1008 1993 1302 2038 praeterquam
1321 1986 1433 2038 quod
1460 2001 1579 2026 sena-

223 2052 290 2084 tus
316 2044 556 2085 censuisset.
616 2044 695 2085 hoc
728 2044 923 2085 fiduciam
948 2046 991 2085 in
1022 2054 1236 2099 posterum
1260 2061 1426 2100 quoque
1457 2062 1577 2101 prae·
1603 2057 1621 2087 3

222 2106 388 2154 buerat,
421 2106 579 2146 levatos
611 2121 654 2147 se
680 2106 960 2160 oneribusque
990 2107 1277 2161 inpensisque,
1311 2109 1463 2161 quibus
1495 2110 1576 2150 alia

223 2168 312 2209 aliis
337 2168 625 2221 inperantibus
647 2168 1012 2209 exhauriebantur.
1049 2169 1239 2209 Achaico
1259 2170 1434 2211 concilio
1450 2171 1576 2226 Aegii
1601 2181 1621 2210 4

223 2230 379 2284 agitato
400 2230 579 2284 benigne
604 2230 733 2271 locuti
753 2231 981 2283 auditique,
1006 2231 1177 2285 egregia
1196 2247 1269 2286 spe
1294 2232 1424 2273 futuri
1443 2241 1576 2274 status

223 2291 423 2331 fidissima
441 2300 565 2345 gente
579 2292 735 2341 relicta,
756 2292 799 2333 in
812 2292 1369 2335 Aetoliamtraiecerunt.ibi
1388 2295 1575 2336 nondum
1601 2310 1619 2338 5

223 2354 392 2407 quidem
430 2354 575 2394 seditio
613 2362 719 2403 erat,
758 2355 831 2395 sed
867 2355 1005 2395 omnia
1041 2363 1235 2410 suspecta
1270 2356 1574 2411 criminumque

222 2417 328 2456 inter
357 2416 469 2469 ipsos
503 2416 645 2470 plena;
684 2417 737 2457 ob
771 2431 877 2470 quae
911 2417 1125 2458 obsidibus
1161 2419 1400 2472 postulatis,
1437 2434 1572 2473 neque
1600 2433 1616 2462 ῡ

223 2478 336 2518 exitu
360 2477 420 2518 rei
443 2477 622 2532 inposito
641 2478 684 2518 in
698 2479 982 2519 Acarnaniam
1000 2479 1097 2521 inde
1116 2480 1293 2534 profecti
1316 2481 1444 2535 legati
1464 2492 1571 2523 sunt.

222 2539 369 2594 Thyrii
394 2539 615 2580 concilium
639 2541 787 2595 legatis
800 2541 1046 2583 Acarnanes
1072 2541 1288 2584 dederunt.
1326 2543 1383 2584 ibi
1403 2558 1570 2598 quoque
1598 2558 1614 2587 7

222 2601 328 2643 inter
339 2601 540 2643 factiones
555 2609 642 2643 erat
656 2610 884 2653 certamen,
910 2604 1080 2657 quidam
1093 2604 1328 2659 principum
1347 2606 1570 2659 postulare,
