1804 2926
452 156 605 192 LIBER
628 152 832 197 xxxxv,
858 152 912 187 37.
933 151 988 185 38.
1017 149 1221 194 [a.c.167]
1431 138 1509 179 187

161 271 346 319 togatam
371 268 412 303 et
435 260 639 301 urbanam
663 257 778 312 prius
804 270 869 297 res
891 262 1052 310 agatur.
1090 253 1191 306 quid
1211 259 1313 308 aput
1326 251 1513 304 Quirites

161 327 387 372 Romanos,
415 321 505 364 Ser.
533 320 686 368 Galba,
713 318 896 359 diceres?
920 317 990 356 illa
1010 315 1120 356 enim
1144 314 1220 355 tibi
1244 322 1332 355 tota
1352 313 1515 355 abscisa

161 387 292 428 oratio
329 391 439 427 esset
482 383 559 424 “in
597 381 773 423 statione
811 380 996 421 severius
1034 387 1072 420 et
1108 377 1307 419 intentius
1345 375 1512 424 stetisti3

161 449 328 504 vigiliae
365 445 555 487 acerbius
592 452 632 485 et
669 442 909 497 diligentius
947 441 1187 482 circumitae
1226 446 1341 488 sunt,
1379 437 1516 492 operis

161 512 255 567 plus
282 525 410 564 quam
435 515 558 549 antea
589 506 746 555 fecisti,
780 520 875 546 cum
908 504 997 558 ipse
1022 504 1246 558 imperator
1275 509 1323 542 ut
1348 507 1517 542 exactor

162 572 414 620 circumiret3
441 570 587 612 eodem
613 569 679 610 die
699 576 737 610 et
762 567 840 608 iter
859 566 993 608 fecisti
1018 573 1057 607 et
1076 566 1119 606 in
1140 565 1273 606 aciem
1293 578 1345 605 ex
1369 562 1516 602 itinere

164 634 334 690 [ductus
359 648 416 674 es.
475 630 548 686 ne]
575 632 777 672 victorem
802 630 971 683 quidem
1002 636 1042 669 te
1068 627 1337 681 adquiescere
1366 638 1515 679 passus

162 704 243 745 est3
269 695 407 737 statim
432 694 486 735 ad
510 693 821 749 persequendos
847 691 986 732 hostes
1006 690 1137 731 duxit.
1175 704 1271 730 curn
1296 694 1337 729 te
1362 685 1519 742 praeda

161 757 380 814 partienda
414 756 665 810 locupletem
707 754 846 795 facere
882 759 1043 808 posset,
1096 750 1318 806 pecuniam
1359 748 1518 803 regiam

162 819 437 861 translaturus
474 818 517 858 in
558 816 768 870 triumpho
806 822 868 856 est
904 822 945 856 et
986 814 1030 854 in
1068 813 1275 854 aerarium
1315 808 1518 851 laturus.'’

162 882 266 923 haec
292 881 399 922 sicut
423 880 476 920 ad
500 880 678 920 militum
710 878 868 918 animos
902 876 1174 917 stimulandos
1206 874 1388 927 aliquem
1421 885 1520 912 acu-

163 945 276 986 leum
301 943 477 991 habent,
509 942 580 995 qui
605 956 754 996 parum
778 940 991 988 licentiae,
1023 953 1173 993 parum
1198 935 1395 977 avaritiae
1422 947 1521 975 suae

165 1005 410 1047 inservitum
448 1011 637 1052 censent,
674 1003 733 1043 ita
769 1002 881 1056 apud
918 1001 1122 1056 populum
1146 1000 1385 1040 Romanum
1420 995 1522 1036 nihil

167 1067 416 1115 valuissent,
449 1066 521 1120 qui
554 1074 599 1106 ut
630 1074 773 1106 vetera
799 1072 924 1117 atque
951 1063 1092 1104 audita
1118 1077 1142 1102 a
1165 1060 1408 1116 parentibus
1434 1057 1520 1098 suis

165 1144 249 1169 non
274 1136 447 1182 repetat,
474 1141 580 1180 quae
602 1126 827 1167 ambitione
847 1126 1144 1180 imperatorum
1167 1122 1306 1164 clades
1326 1126 1523 1174 acceptae

166 1191 265 1238 sint,
303 1204 411 1243 quae
442 1189 662 1230 severitate
692 1188 855 1242 imperii
887 1186 1086 1227 victoriae
1117 1192 1280 1239 partae,
1316 1195 1521 1237 proxumo

166 1260 276 1293 certe
306 1251 469 1291 Punico
502 1251 611 1290 bello
644 1250 744 1302 quid
771 1250 882 1295 inter
911 1249 974 1289 M.
1007 1246 1246 1287 EIinucium
1275 1244 1524 1298 magistrum

166 1313 354 1367 equitum
385 1320 426 1353 et
457 1311 662 1363 Quintum
694 1311 876 1351 Fabium
906 1310 1146 1350 BIaximum
1177 1308 1425 1348 dictatorem
1461 1305 1524 1345 in-

166 1375 356 1416 terfuerit
397 1374 599 1415 meminit.
670 1373 811 1426 itaque
855 1378 1141 1413 accusatorem
1183 1370 1343 1410 hiscere
1385 1366 1525 1422 prohi-

168 1437 326 1477 buisset
369 1442 411 1477 et
452 1450 808 1490 supervacaneam
851 1434 1138 1475 defensionem
1175 1432 1301 1472 Pauli
1342 1430 1522 1471 fecisset.

166 1505 400 1540 transeatur
430 1498 484 1538 ad
515 1499 689 1539 alteram
714 1498 970 1544 contionem,
1002 1510 1080 1537 nec
1106 1494 1293 1546 Quirites
1318 1506 1413 1541 vos,
1452 1490 1525 1531 sed

167 1561 318 1601 milites
340 1560 484 1601 videor
503 1561 801 1614 appellaturus,
827 1560 861 1600 si
880 1573 1034 1599 nomen
1059 1558 1138 1598 hoc
1158 1557 1305 1597 saltem
1329 1555 1526 1595 ruborem

167 1623 352 1664 incutere
378 1629 417 1663 et
438 1622 734 1663 verecundiam
759 1622 942 1676 aliquam
967 1619 1229 1674 imperatoris
1249 1616 1434 1658 violandi
1455 1615 1528 1656 ad-

169 1686 276 1727 ferre
302 1685 444 1739 possit.

253 1747 524 1789 XXXVIII.
562 1746 773 1800 Equidem
797 1747 885 1801 ipse
911 1746 1030 1786 aliter
1050 1744 1240 1785 adfectus
1261 1741 1399 1783 animo
1421 1755 1527 1789 sum,

170 1810 240 1863 qui
267 1817 367 1864 aput
398 1810 627 1850 exercitum
652 1810 752 1850 mihi
783 1808 896 1862 loqui
922 1808 1086 1855 videar,
1123 1821 1249 1860 quam
1280 1804 1406 1860 paulo
1432 1810 1528 1844 ante

172 1887 302 1920 eram,
339 1886 435 1911 cum
465 1872 519 1911 ad
551 1872 717 1925 plebem
742 1872 947 1912 urbanam
979 1869 1196 1924 spectabat
1221 1867 1366 1908 oratio·
1427 1865 1529 1919 quid

173 1933 298 1974 etiam
323 1932 471 1981 dicitis,
496 1933 672 1973 milites?
697 1932 845 1984 aliquis
872 1940 934 1972 est
959 1932 1140 1978 Romae,
1166 1936 1332 1984 praeter
1357 1927 1528 1975 Persea,

174 1994 246 2048 qui
271 1994 518 2048 triumphari
543 1994 594 2035 de
620 1994 927 2035 Macedonibus
953 1993 1055 2033 nolit
1064 2008 1074 2041 3
1101 1999 1142 2032 et
1167 2006 1263 2032 eum
1287 2004 1371 2030 non
1395 1988 1530 2029 isdem

175 2055 368 2096 manibus
413 2055 643 2110 discerpitis
675 2056 826 2109 quibus
858 2054 1119 2095 EIacedonas
1149 2051 1330 2093 vicistis?
1365 2050 1531 2091 vincere

176 2133 250 2159 vos
287 2118 588 2172 prohibuisset,
627 2118 661 2158 si
692 2117 915 2172 potuisset,
953 2116 1026 2169 qui
1056 2113 1351 2168 triumphantis
1382 2111 1531 2152 urbem

176 2181 280 2221 inire
305 2180 510 2234 prohibet.
556 2180 714 2228 erratis,
740 2179 904 2228 milites,
931 2179 965 2218 si
990 2176 1248 2231 triumphum
1271 2172 1532 2228 imperatoris

178 2248 341 2283 tantum
366 2248 405 2282 et
428 2256 512 2282 non
536 2242 714 2282 militum
733 2255 900 2294 quoque
923 2248 963 2281 et
987 2238 1172 2280 universi
1196 2237 1340 2292 populi
1353 2234 1533 2277 Romani

179 2318 269 2345 esse
306 2303 433 2344 decus
465 2304 654 2344 censetis.
726 2318 810 2344 non
840 2303 964 2343 unius
996 2301 1039 2342 in
1074 2301 1154 2341 hoc
1183 2299 1310 2340 Pauli
1333 2322 1390 2326 —
1412 2296 1532 2337 multi

180 2366 318 2413 etiam,
339 2366 410 2418 qui
424 2365 476 2406 ab
492 2373 639 2406 senatu
659 2381 743 2407 non
760 2366 1021 2420 inpetrarunt
1041 2361 1312 2416 triumphum,
1331 2360 1374 2401 in
1392 2366 1534 2400 monte

180 2428 348 2468 Albano
370 2427 693 2482 triumpharunt3
719 2442 841 2469 nemo
856 2427 908 2467 L.
922 2426 1057 2467 Paulo
1073 2424 1206 2479 magis
1228 2423 1385 2478 eripere
1406 2421 1534 2463 decus

180 2489 355 2544 perfecti
387 2489 485 2529 belli
515 2490 783 2530 Macedonici
814 2495 949 2543 potest
981 2502 1108 2541 quam
1135 2485 1185 2527 C.
1211 2485 1385 2526 Lutatio
1410 2482 1535 2538 primi

180 2552 333 2592 Punici
366 2552 482 2600 belli,
519 2565 645 2604 quam
669 2552 720 2593 P.
747 2551 943 2593 Cornelio
975 2549 1168 2597 secundi,
1199 2551 1345 2602 (quam
1375 2546 1435 2587 illi
1465 2544 1536 2599 qui

182 2615 559 2670 triumphaverant)
592 2629 669 2657 nec
700 2615 752 2656 L.
778 2614 960 2656 Paulum
992 2612 1194 2653 minorem
1225 2619 1297 2652 aut
1335 2609 1535 2650 maiorem

1539 264 1557 293 9

1544 638 1583 667 10

1546 885 1585 914 11

1553 1379 1592 1408 13

1553 1503 1592 1532 14

1555 1937 1574 1966 Na

1561 2621 1579 2649 5
