1804 2926
483 159 636 192 LIBER
658 158 907 201 XXXXIIII,
936 158 989 191 10.
1011 158 1064 191 11.
1093 159 1140 200 [a.
1157 157 1195 192 C.
1212 159 1292 201 169]
1484 149 1560 189 ,117

208 279 291 305 non
316 263 452 303 minus
479 268 690 316 ceperunt.
751 275 828 301 nec
853 260 967 300 aliud
991 274 1117 314 quam
1152 260 1297 301 ultima
1321 260 1560 307 necessitas,
1591 275 1630 303 10

209 343 303 368 cum
340 326 523 379 recipere
560 340 603 365 se
641 332 729 364 tuto
768 325 820 364 ad
856 339 984 364 naves
1021 324 1358 378 prohiberentur,
1402 323 1561 364 animos

208 388 383 429 militum
397 387 683 428 Romanorum
703 386 825 426 simul
847 385 1135 439 desperatione
1155 386 1236 426 alia
1256 386 1414 435 salutis,
1439 385 1563 426 simul

207 449 454 504 indignitate
491 448 688 488 inritavit.
755 447 1040 501 redintegrata
1071 447 1113 488 in
1150 448 1270 489 litore
1304 462 1448 502 pugna
1479 453 1561 495 est3
1590 459 1626 488 11

208 512 402 553 adiuvere
428 510 500 564 qui
531 510 574 550 in
606 509 785 550 navibus
811 518 941 550 erant.
1001 509 1058 549 ibi
1083 509 1368 551 Macedonum
1394 508 1563 549 ducenti

206 575 337 616 ferme
362 573 485 621 caesi,
511 587 587 627 par
612 587 810 612 numerus
837 579 997 626 eaptus.

290 636 362 675 Ab
377 635 620 689 Antigonea
646 634 788 674 classis
813 634 1001 688 profecta
1027 634 1080 674 ad
1105 649 1253 688 agrum
1267 634 1562 674 Pallenensem

206 697 490 739 escensionem
522 697 576 737 ad
606 697 895 751 populandum
926 696 1036 736 feeit.
1098 696 1243 736 finium
1274 696 1307 736 is
1333 710 1433 750 ager
1459 693 1563 734 Cas-
1590 707 1629 736 12

206 759 494 800 sandrensium
520 767 627 806 erat,
665 759 789 813 longe
815 757 1095 799 fertilissimus
1121 758 1255 799 omnis
1281 772 1397 805 orae,
1434 771 1561 810 quam

206 823 479 877 praetervecti
504 822 684 863 fuerant.
746 822 804 862 ibi
830 821 1044 862 Eumenes
1070 835 1144 862 rex
1170 821 1319 876 viginti
1344 820 1462 862 tectis
1488 835 1562 860 na-

205 885 327 924 vibus
353 884 406 924 ab
431 883 537 925 Elea
567 884 781 938 profectus
808 883 957 925 obvius
990 883 1088 932 fuit,
1122 890 1160 924 et
1194 883 1380 936 quinque
1411 882 1562 922 missae

206 963 229 987 a
254 946 405 986 Prusia
430 961 528 1000 rege
554 954 689 987 tectae
714 961 856 987 naves.

290 1008 373 1048 XL
410 1009 506 1049 Hac
531 1008 682 1048 virium
702 1008 939 1049 accessione
965 1008 1128 1049 animus
1148 1007 1278 1049 crevit
1302 1006 1497 1062 praetori,
1516 1013 1563 1047 ut
1591 1017 1603 1045 1

207 1069 516 1111 Cassandream
541 1079 817 1124 oppugnaret.
869 1071 1036 1111 condita
1061 1078 1121 1111 est
1147 1086 1171 1111 a
1198 1069 1438 1111 Cassandro
1463 1084 1561 1124 rege

205 1132 249 1172 in
272 1132 372 1186 ipsis
398 1132 604 1181 faucibus,
632 1146 740 1184 quae
753 1132 1047 1173 Pallenensem
1068 1147 1216 1187 agrum
1242 1139 1403 1173 ceterae
1416 1131 1564 1172 Maee-

207 1194 355 1234 doniae
380 1195 574 1248 iungunt,
600 1194 695 1235 hinc
721 1194 974 1243 Toronaico,
1002 1194 1098 1235 hinc
1117 1194 1396 1235 Macedonico
1417 1200 1562 1247 saepta

207 1256 365 1311 [mari]
427 1257 579 1297 eminet
613 1271 793 1309 namque
825 1257 869 1296 in
894 1257 1024 1297 altum
1055 1257 1199 1311 lingua
1222 1257 1265 1297 in
1290 1271 1374 1310 qua
1399 1256 1477 1297 sita
1502 1263 1564 1297 est
1589 1265 1607 1295 3

206 1333 282 1359 nec
302 1318 438 1358 minus
454 1333 580 1371 quam
598 1318 764 1358 inclitus
785 1319 1075 1372 magnitudine
1089 1319 1205 1359 Atho
1226 1333 1345 1359 mons
1367 1318 1562 1367 excurrit,

205 1381 381 1420 obversa
412 1380 454 1419 in
484 1380 699 1433 regionem
732 1380 983 1434 BIagnesiae
1017 1380 1181 1420 duobus
1217 1380 1433 1433 inparibus
1465 1394 1564 1433 pro-

206 1441 441 1490 munturiis,
480 1456 659 1494 quorum
690 1442 837 1481 maiori
861 1441 1091 1482 Posideum
1117 1449 1179 1482 est
1204 1456 1377 1490 nomen,
1414 1441 1564 1481 minori

206 1502 524 1544 Canastraeum.
563 1503 705 1543 divisis
731 1503 921 1558 partibus
948 1518 1194 1558 oppugnare
1221 1503 1368 1544 adorti.
1406 1503 1563 1543 Roma-
1589 1516 1608 1544 4

204 1581 282 1606 nus
309 1566 362 1605 ad
389 1564 521 1605 Clitas
554 1580 658 1618 quas
691 1574 842 1606 vocant
867 1567 1146 1614 munimenta,
1178 1566 1310 1607 cervis
1338 1565 1463 1606 etiam
1490 1565 1564 1606 ob-

204 1628 334 1677 iectis,
356 1636 402 1668 ut
421 1628 533 1668 viam
553 1628 862 1678 intercluderet,
884 1644 908 1669 a
921 1628 1200 1670 Macedonico
1215 1629 1269 1668 ad
1283 1627 1565 1668 Toronaicum

165 1734 167 1737 f
205 1705 319 1731 mare
343 1690 547 1744 perducit.
597 1690 649 1731 ab
676 1691 807 1731 altera
832 1700 950 1745 parte
977 1691 1147 1745 euripus
1173 1697 1252 1739 est;
1284 1690 1380 1731 inde
1406 1689 1564 1730 Eume-

206 1768 279 1792 nes
317 1752 604 1806 oppugnabat.
677 1752 879 1793 Romanis
916 1753 959 1792 in
995 1752 1109 1793 fossa
1145 1752 1397 1807 conplenda,
1435 1766 1564 1805 quam
1589 1765 1608 1794 5

206 1829 338 1867 nuper
358 1814 564 1855 obiecerat
579 1814 775 1862 Perseus,
802 1816 1029 1869 plurimum
1049 1822 1135 1856 erat
1155 1815 1322 1865 laboris.
1359 1814 1416 1854 ibi
1437 1829 1566 1868 quac-

208 1876 313 1916 renti
348 1877 548 1929 praetori,
585 1876 685 1928 quia
722 1891 933 1929 nusquam
970 1877 1126 1917 cumuli
1164 1877 1442 1931 apparebant,
1481 1890 1563 1929 quo

208 1944 373 1991 regesta
398 1952 420 1977 e
446 1938 558 1977 fossa
584 1946 693 1977 terra
718 1938 844 1987 foret,
875 1939 1096 1979 monstrati
1122 1948 1219 1979 sunt
1244 1939 1443 1979 fornices:
1481 1953 1562 1978 non

209 1999 262 2038 ad
287 1998 462 2038 eandem
488 1999 805 2039 crassitudinem
831 2013 915 2052 qua
940 2007 1124 2040 veterem
1149 2015 1335 2048 murum,
1369 1999 1442 2040 sed
1466 1999 1564 2039 sim-

210 2060 306 2114 plici
331 2061 507 2100 laterum
533 2060 677 2102 ordine
704 2068 880 2101 structos
909 2076 1011 2101 esse.
1061 2061 1279 2101 consilium
1304 2061 1430 2115 igitur
1455 2061 1564 2115 cepit
1591 2076 1608 2103 (5

210 2122 437 2162 transfosso
463 2122 621 2176 pariete
652 2123 731 2163 iter
762 2123 804 2163 in
829 2123 978 2163 urbem
1012 2123 1261 2176 patefacere.
1322 2124 1465 2164 fallere
1492 2139 1566 2164 au-

211 2192 294 2224 tem
325 2184 383 2224 ita
413 2200 456 2224 se
489 2199 630 2238 posse,
668 2185 703 2225 si
740 2199 881 2224 muros
913 2200 937 2224 a
974 2192 1091 2238 parte
1121 2185 1202 2225 alia
1238 2185 1359 2225 scalis
1396 2185 1564 2226 adortus

211 2246 392 2286 tumultu
434 2246 586 2287 iniecto
631 2246 675 2286 in
717 2246 949 2286 custodiam
995 2247 1083 2286 eius
1119 2247 1198 2287 loci
1233 2255 1565 2301 propugnatores

210 2308 326 2348 urbis
352 2309 580 2349 avertisset.
635 2318 751 2350 erant
774 2309 817 2349 in
842 2309 1048 2362 praesidio
1075 2306 1375 2357 Cassandreae,
1401 2318 1566 2363 praeter
1592 2325 1607 2352 7

212 2386 294 2410 non
321 2371 667 2411 contemnendam
698 2371 959 2412 iuventutem
985 2371 1309 2424 oppidanorum,
1335 2371 1565 2425 octingenti

211 2432 422 2486 Agrianes
447 2440 485 2473 et
512 2433 594 2473 duo
621 2433 733 2473 milia
748 2433 1028 2474 Penestarum
1045 2433 1298 2486 Illyriorum,
1325 2449 1349 2473 a
1367 2433 1566 2473 Pleurato

212 2495 308 2535 inde
342 2494 475 2543 missi,
512 2495 755 2536 bellicosum
791 2504 1014 2548 utrumque
1045 2509 1192 2548 genus.
1252 2495 1316 2536 his
1352 2495 1566 2536 tuentibus
1592 2511 1610 2538 ὅ

213 2571 366 2604 muros,
387 2571 482 2598 eum
504 2557 641 2598 subire
656 2557 836 2598 Romani
859 2572 1022 2597 summa
1036 2557 1077 2597 vi
1094 2556 1336 2605 niterentur,
1356 2566 1566 2597 momento

214 2619 410 2673 temporis
442 2619 620 2674 parietes
652 2619 857 2660 fornicum
884 2619 1060 2673 perfossi
1085 2619 1232 2660 urbem
1264 2618 1564 2673 patefecerunt.

1589 1079 1607 1108 10
