1804 2926
474 165 626 199 LIBER
649 164 894 204 XXXXHII,
921 164 975 198 20.
996 164 1050 197 27.
1079 166 1128 207 [a.
1143 164 1182 199 C.
1198 165 1278 208 168]
1472 157 1549 196 131

199 267 696 324 Bylazora—Paeoniae
722 267 756 307 is
781 267 897 308 locus
924 276 986 308 est
1005 278 1210 308 —castra
1235 282 1415 317 movere,
1440 269 1552 323 prin-

200 332 311 386 cipes
337 330 391 371 ad
416 344 459 370 se
485 329 625 370 venire
651 328 903 390 frequentes.
944 330 1211 384 septuaginta
1235 330 1419 384 quinque
1439 331 1552 372 milia

199 394 252 434 ab
276 392 388 432 Axio
413 391 584 432 flumine
610 399 649 431 et
676 391 822 431 castris
847 393 958 445 regis
984 391 1170 432 aberant.
1224 391 1329 433 haec
1354 393 1552 434 mandata

199 455 251 496 ad
265 455 334 496 eos
355 469 450 495 cum
469 453 709 508 pertulisset
722 452 964 508 Antigonus
988 454 1304 507 adiecissetque,
1326 466 1401 509 per
1422 470 1553 508 quan-

199 526 285 557 tam
309 516 493 556 omnium
520 523 813 569 praeparatam
840 530 940 556 cura
964 516 1076 570 regis
1102 517 1266 571 copiam
1290 516 1390 557 ituri
1416 517 1553 558 forent

198 578 434 632 quibusque
453 577 697 618 muneribus
718 577 926 632 principes
948 578 1215 620 advenientes
1231 578 1371 628 vestis,
1392 579 1554 633 argenti

198 653 485 693 equorumque
500 648 750 693 excepturus
771 655 844 680 rex
864 649 984 688 esset,
1007 640 1058 681 de
1079 640 1142 680 his
1157 641 1327 693 quidem
1347 656 1391 682 se
1414 655 1554 681 coram

199 701 439 756 cognituros
471 701 747 756 respondent,
779 702 883 742 illud
914 702 1028 755 quod
1063 717 1262 757 praesens
1297 703 1553 757 pepigissent

198 764 469 818 interrogant,
491 764 643 817 ecquid
663 779 825 814 aurum,
852 765 965 818 quod
984 765 1027 805 in
1047 765 1233 820 singulos
1257 765 1418 819 pedites
1439 765 1554 818 equi-

197 836 343 879 tesque
369 826 640 866 dividendum
672 834 801 875 esset,
839 841 980 868 secum
1007 827 1261 868 adduxisset.
1311 841 1405 868 cum
1432 827 1486 867 ad
1510 826 1552 866 id

197 887 300 928 nihil
317 888 651 942 responderetur,
668 888 895 930 Clondicus
916 890 1086 944 regulus
1109 904 1253 930 eorum
1278 889 1379 938 ‘abi,
1399 904 1553 930 renun-

198 950 256 990 tia
281 950 400 1004 ergo’
426 950 561 1003 inquit
587 951 707 1005 ‘regi,
734 951 813 991 nisi
840 967 988 992 aurum
1009 952 1260 1005 obsidesque
1279 952 1552 1006 accepissent,

198 1027 408 1065 nusquam
432 1013 530 1053 inde
557 1011 703 1054 Gallos
735 1014 901 1068 longius
927 1014 1153 1068 vestigium
1177 1014 1390 1054 moturos.’
1450 1013 1554 1054 haec
1603 1032 1610 1038 ·

198 1075 328 1115 relata
354 1075 443 1128 regi
463 1089 559 1115 cum
577 1083 730 1124 essent,
757 1076 960 1117 advocato
981 1076 1152 1116 consilio
1173 1090 1269 1116 cum
1289 1076 1390 1129 quid
1410 1090 1553 1116 omnes

198 1136 363 1177 suasuri
388 1145 527 1177 essent.
552 1146 788 1191 appareret,
821 1138 911 1192 ipse
943 1138 1146 1192 pecuniae
1173 1151 1299 1190 quam
1325 1137 1445 1191 regni
1468 1152 1555 1178 me-

200 1199 277 1239 lior
291 1207 429 1239 custos
448 1199 595 1239 institit
610 1200 660 1239 de
679 1200 855 1253 perfidia
870 1212 909 1240 et
924 1200 1087 1240 feritate
1100 1198 1321 1240 Gallorum
1336 1199 1553 1247 disserere,

198 1261 425 1301 multorum
455 1260 540 1301 iam
570 1270 665 1301 ante
698 1261 886 1301 cladibus
924 1268 1115 1314 experta:
1153 1261 1432 1315 periculosum
1464 1275 1554 1302 esse

199 1332 356 1363 tantam
380 1322 689 1363 multitudinem
713 1322 757 1362 in
781 1322 1078 1362 Macedoniam
1104 1323 1313 1376 accipere,
1341 1321 1433 1377 [ne]
1459 1337 1556 1376 gra-

198 1385 332 1425 viores
355 1398 424 1425 eos
445 1384 576 1424 socios
598 1383 781 1424 habeant
801 1398 927 1437 quam
952 1384 1092 1425 hostes
1106 1384 1333 1424 Romanos.
1370 1385 1555 1437 quinque

198 1446 311 1486 milia
336 1445 523 1499 equitum
549 1445 647 1485 satis
673 1460 776 1493 esse,
803 1445 956 1498 quibus
980 1452 1020 1486 et
1044 1445 1105 1485 uti
1126 1445 1180 1485 ad
1204 1445 1360 1486 bellum
1385 1454 1555 1499 possent

197 1519 237 1549 et
261 1522 438 1561 quorum
464 1507 774 1550 multitudinem
799 1507 879 1561 ipsi
903 1522 987 1547 non
1012 1507 1198 1547 timeant.

280 1569 480 1611 XXVII.
517 1569 767 1623 Apparebat
793 1569 987 1609 omnibus
1018 1569 1255 1609 mercedem
1280 1568 1444 1617 timere,
1477 1582 1554 1608 nec

197 1631 421 1684 quicquam
447 1631 579 1680 aliud3
607 1631 680 1672 sed
706 1646 801 1672 cum
827 1631 1004 1672 suadere
1027 1629 1151 1685 [non]
1174 1630 1406 1671 consulenti
1430 1644 1553 1670 nemo

198 1693 381 1742 auderet,
406 1693 631 1734 remittitur
655 1693 910 1747 Antigonus,
936 1693 1008 1746 qui
1033 1693 1244 1733 nuntiaret
1269 1692 1453 1745 quinque
1480 1692 1555 1731 mi-

197 1755 298 1795 lium
324 1754 511 1808 equitum
533 1768 658 1809 opera
683 1764 845 1795 tantum
872 1755 931 1795 uti
957 1770 1114 1809 regem,
1140 1768 1226 1794 non
1248 1763 1390 1795 tenere
1416 1754 1555 1794 multi-

198 1817 386 1857 tudinem
418 1817 555 1856 aliam.
616 1817 729 1870 quod
762 1817 835 1857 ubi
867 1817 1064 1857 audivere
1098 1816 1284 1865 barbari,
1323 1825 1555 1857 ceterorum

198 1878 368 1930 quidem
392 1877 581 1918 fremitus
607 1878 687 1918 fuit
710 1879 1033 1933 indignantium,
1060 1894 1103 1919 se
1128 1879 1284 1919 frustra
1309 1879 1466 1919 excitos
1492 1884 1556 1918 se-

200 1939 323 1980 dibus
343 1940 447 1987 suis3
476 1937 703 1980 Clondicus
723 1955 866 1980 rursus
886 1941 1128 1994 interrogat,
1150 1940 1300 1993 ecquid
1320 1940 1419 1994 ipsis
1435 1940 1555 1992 quin-

200 2017 281 2055 que
306 2002 486 2051 milibus,
512 2002 624 2055 quod
646 2003 920 2052 convenisset,
946 2012 1196 2043 numeraret.
1238 2018 1333 2043 cum
1355 2003 1554 2043 adversus

200 2064 244 2104 id
280 2078 447 2118 quoque
483 2064 648 2104 misceri
694 2065 894 2118 ambages
932 2072 1138 2113 cerneret,
1181 2064 1379 2104 inviolato
1417 2064 1555 2104 fallaci

201 2126 365 2175 nuntio,
398 2126 510 2179 quod
536 2126 606 2166 vix
632 2134 871 2180 speraverat
894 2127 983 2180 ipse
1009 2140 1132 2180 posse
1158 2126 1420 2179 contingere,
1446 2135 1555 2166 retro

202 2188 255 2228 ad
281 2188 487 2236 Histrum,
513 2188 777 2242 perpopulati
797 2188 1040 2236 Threciam,
1066 2202 1149 2241 qua
1174 2187 1311 2228 vicina
1336 2196 1423 2228 erat
1449 2187 1555 2236 viae,

204 2250 427 2291 redierunt.
487 2265 595 2304 quae
620 2266 768 2291 manus
801 2250 942 2303 quieto
969 2250 1139 2290 sedente
1170 2264 1269 2303 rege
1296 2249 1348 2288 ad
1373 2248 1555 2303 Elpeum

203 2312 403 2353 adversus
418 2313 630 2353 Romanos
653 2310 767 2367 [per]
782 2312 1035 2353 Perraebiae
1061 2313 1213 2352 saltum
1237 2311 1280 2351 in
1294 2311 1555 2352 Thessaliam

204 2375 395 2415 traducta
420 2389 504 2415 non
529 2389 652 2429 agros
685 2383 847 2415 tantum
871 2374 1030 2415 nudare
1055 2373 1295 2428 populando
1320 2373 1474 2427 potuit,
1504 2389 1556 2414 ne

203 2451 308 2489 quos
333 2436 429 2476 inde
455 2436 636 2477 Romani
662 2446 918 2478 commeatus
944 2435 1232 2491 expectarent,
1252 2435 1326 2476 sed
1350 2435 1461 2489 ipsas
1486 2450 1557 2476 ex-

204 2498 370 2538 cindere
401 2498 526 2538 urbes
559 2505 725 2540 tenente
755 2498 810 2553 ad
844 2498 1027 2553 Elpeum
1050 2498 1208 2539 Perseo
1233 2497 1467 2546 Romanos,
1504 2513 1557 2538 ne

204 2560 377 2600 urbibus
410 2559 531 2600 sociis
563 2560 758 2614 opitulari
787 2568 970 2615 possent.
1029 2559 1130 2614 ipsis
1162 2573 1329 2613 quoque
1354 2559 1554 2600 Romanis

205 2621 254 2662 dc
281 2636 323 2662 se
350 2622 618 2676 cogitandum
651 2622 815 2672 fuisset,
854 2622 1020 2676 quando
1046 2637 1181 2676 neque
1211 2636 1379 2662 manere
1406 2621 1557 2662 amissa

885 2688 889 2692 .
1292 2689 1336 2720 9¹⁶

1583 719 1622 746 10

1581 842 1617 869 11

1583 1273 1622 1302 13

1584 1398 1621 1426 14

1581 1832 1598 1860 10

1582 2265 1601 2291 -1

1582 2449 1600 2477 ὁ

1583 2572 1600 2600 6
