1804 2926
267 156 347 198 18ss
537 162 689 197 LIBER
712 161 909 205 xxxxv,
935 161 990 195 36.
1009 161 1063 194 537.
1091 163 1140 202 [a.
1156 171 1190 192 u.
1206 159 1331 203 «53η

264 267 455 309 licentiae
487 273 612 319 atque
638 265 834 305 avaritiae
868 264 1046 304 militari.
1106 278 1215 303 nunc
1241 262 1363 303 nimis
1394 277 1518 317 saepe
1543 278 1618 317 per

266 329 534 371 ambitionem
553 327 735 381 peccari:
762 326 876 380 quid,
897 326 929 366 si
951 326 1107 366 domini
1127 325 1276 365 milites
1297 324 1616 379 imperatoribus

265 391 557 446 imponantur?
589 390 631 429 in
659 387 840 429 Galbam
866 403 940 442 pro
966 404 1008 428 se
1035 389 1210 441 quisque
1236 386 1390 441 probra
1414 387 1617 441 ingerere.

223 469 239 498 9
266 454 434 495 tandem
466 452 544 492 hoc
576 451 758 491 tumultu
790 450 933 491 sedato
958 450 1020 490 M.
1050 449 1272 497 Servilitis,
1311 448 1382 502 qui
1408 449 1552 489 consul
1578 456 1620 489 et

266 516 465 570 magister
497 513 683 567 equitum
714 513 869 561 fuerat,
905 519 951 552 ut
976 512 1027 553 de
1058 512 1220 566 integro
1246 526 1338 551 eam
1367 508 1492 564 [rem]
1521 524 1620 564 age-

266 587 357 619 rent
405 577 458 618 ab
501 575 676 617 tribunis
719 581 859 628 petere
902 574 1150 627 dicendique
1195 572 1273 613 sibi
1316 572 1369 613 ad
1416 572 1620 626 populum

202 655 241 684 10
265 647 514 696 potestatem
546 638 744 678 facerent.
806 636 962 677 tribuni
993 651 1088 676 cum
1126 635 1178 676 ad
1210 634 1525 676 deliberandum
1556 647 1621 674 se-

267 702 501 750 cessissent,
527 700 624 740 victi
650 698 966 739 auctoritatibus
986 697 1221 752 principum
1242 697 1292 737 de
1312 696 1474 750 integro
1495 710 1621 750 agere

266 771 494 818 coeperunt.
534 770 884 813 revocaturosque
929 774 973 800 se
1016 759 1185 800 easdem
1228 758 1360 799 tribus
1407 757 1621 799 renuntia-

266 834 382 874 runt,
420 825 454 865 si
486 825 550 864 M.
578 823 780 865 Servilius
806 822 945 874 alique
974 821 1150 875 privati,
1187 820 1259 873 qui
1284 820 1421 861 dicere
1452 819 1620 867 vellent,

267 887 480 927 dixissent.

224 965 236 991 1
350 947 598 988 XXXVII.
640 944 769 999 [Tum
810 943 1030 998 Servilius]
1071 949 1270 996 ‘quantus
1306 943 1534 998 imperator
1567 942 1620 983 L.

264 1010 472 1051 Aemilius
505 1008 649 1057 fucrit,
688 1006 896 1058 Quirites,
935 1006 969 1047 si
1000 1021 1051 1047 ex
1084 1006 1166 1046 alia
1196 1020 1239 1046 re
1264 1006 1380 1046 nulla
1412 1005 1622 1046 aestimari

265 1073 413 1128 possit,
451 1072 518 1112 vel
549 1071 629 1111 hoc
662 1070 760 1110 satis
793 1076 901 1117 erat,
938 1069 1052 1122 quod
1084 1083 1180 1109 cum
1216 1075 1300 1109 tam
1332 1067 1550 1109 seditiosos
1581 1075 1622 1108 et

265 1137 377 1176 leves
408 1134 579 1182 milites,
617 1141 702 1173 tam
733 1132 936 1179 nobilem,
973 1140 1058 1172 tam
1096 1131 1382 1179 temerarium,
1419 1138 1504 1171 tam
1537 1131 1622 1171 elo-

267 1206 462 1251 quentem
496 1196 548 1236 ad
579 1194 862 1249 instigandam
892 1194 1202 1235 multitudinem
1232 1193 1448 1234 inimicum
1478 1193 1521 1233 in
1553 1207 1622 1233 ea-

267 1260 360 1300 stris
409 1258 602 1306 haberet,
650 1257 808 1297 nullam
855 1257 898 1296 in
940 1257 1125 1297 exercitu
1154 1255 1414 1297 seditionem
1461 1255 1622 1296 habuit.

222 1334 239 1363 2
266 1321 412 1362 eadem
443 1321 640 1361 severitas
671 1319 855 1374 imperii,
894 1333 1020 1372 quam
1050 1333 1161 1359 nunc
1193 1318 1389 1367 oderunt,
1426 1325 1515 1358 tum
1552 1331 1624 1358 eos

267 1383 482 1424 continuit.
543 1383 683 1435 itaque
726 1382 897 1434 antiqua
934 1381 1152 1435 disciplina
1194 1380 1324 1421 habiti
1361 1381 1622 1434 quieverunt.

222 1458 240 1487 3
268 1445 440 1486 Servius
464 1444 633 1497 quidem
661 1442 821 1491 Galba,
855 1443 887 1483 si
918 1443 961 1483 in
985 1443 1037 1482 L.
1064 1443 1199 1483 Paulo
1227 1443 1450 1483 accusandi
1483 1441 1621 1482 tiroci-

267 1507 383 1546 nium
419 1521 573 1560 ponere
611 1513 651 1546 et
692 1506 989 1546 documentum
1032 1504 1294 1557 eloquentiae
1338 1505 1436 1545 darc
1478 1503 1623 1551 voluit,

266 1584 350 1609 non
386 1567 643 1622 triumphum
681 1567 867 1621 inpedire
905 1566 1067 1613 debuit,
1104 1580 1249 1618 quem,
1286 1566 1320 1605 si
1356 1565 1458 1605 nihil
1496 1565 1622 1612 aliud,

222 1645 241 1673 4
268 1638 434 1671 senatus
473 1630 630 1670 iustum
662 1644 752 1669 csse
784 1628 1060 1675 iudicaverat,
1097 1628 1171 1668 sed
1202 1636 1368 1682 postero
1400 1627 1466 1668 die
1496 1641 1622 1680 quam

268 1692 571 1746 triumphatum
597 1700 723 1739 esset,
761 1690 970 1745 privatum
996 1705 1091 1730 cum
1117 1691 1282 1730 visurus
1308 1697 1435 1738 esset,
1471 1704 1625 1730 nomen

268 1754 447 1795 deferret
480 1762 518 1794 et
550 1753 715 1807 legibus
748 1753 1042 1806 interrogaret,
1081 1759 1151 1792 aut
1184 1752 1315 1792 serius
1346 1751 1492 1806 paulO‚
1529 1765 1624 1792 cum

267 1816 449 1870 primum
474 1817 742 1869 magistratus
774 1815 861 1868 ipse
888 1814 1085 1868 cepisset,
1124 1814 1235 1855 diem
1261 1814 1417 1854 (liceret
1442 1813 1623 1860 inimico,

224 1892 242 1920 5
269 1894 364 1919 011111
401 1878 454 1918 ad
489 1878 692 1932 populum
728 1885 956 1917 accusaret.
1016 1877 1073 1917 ita
1105 1884 1146 1917 et
1176 1875 1357 1930 pretium
1382 1883 1492 1916 reete
1523 1875 1623 1916 facti

269 1939 527 1993 triumphum
552 1939 725 1979 haberet
748 1938 801 1978 L.
824 1938 985 1978 Paulus
1010 1953 1085 1992 pro
1112 1937 1280 1992 egregie
1306 1937 1415 1978 bello
1441 1946 1559 1991 gesto
1585 1943 1626 1977 et

268 2016 467 2055 poenam,
506 2001 539 2041 si
572 2001 674 2054 quid
700 2008 739 2041 et
771 2008 911 2041 vetere
941 1999 1076 2054 gloria
1102 2015 1177 2040 sua
1203 2007 1243 2040 et
1273 2014 1382 2039 nova
1406 1998 1627 2052 indignum

225 2077 242 2105 6
270 2064 447 2105 fecisset.
487 2063 560 2104 scd
586 2063 797 2111 videlicet,
825 2063 891 2103 cui
917 2062 1074 2103 crimen
1098 2062 1274 2109 nullum,
1302 2060 1502 2116 [nullum]
1530 2074 1626 2114 pro-

270 2126 390 2165 brum
417 2125 554 2166 dicere
579 2132 758 2179 poterat,
791 2125 878 2165 eius
905 2125 1136 2165 obtrectare
1161 2124 1306 2164 laudes
1334 2123 1475 2163 voluit.
1514 2122 1625 2163 diem

268 2188 479 2241 integrum
504 2187 695 2228 hesterno
717 2187 781 2228 (110
797 2183 891 2241 [ad]
915 2186 1198 2227 accusandum
1211 2185 1263 2226 L.
1279 2185 1462 2226 Paulum
1487 2184 1624 2239 petiit3

215 2282 219 2284 .
271 2257 467 2302 quattuor
492 2248 633 2297 horas,
660 2256 863 2302 quantum
888 2255 1104 2303 supererat
1129 2248 1228 2296 (1101,
1255 2248 1430 2288 dicendo
1456 2247 1626 2287 absum-

229 2325 244 2353 7
270 2311 364 2365 psit.
425 2311 517 2363 quis
554 2326 754 2365 umquam
791 2318 876 2351 tam
912 2326 1066 2352 nocens
1103 2325 1198 2352 reus
1235 2309 1333 2359 fuit,
1370 2309 1488 2350 cuius
1525 2308 1627 2348 vitia

271 2372 380 2412 vitae
406 2380 463 2412 tot
491 2373 601 2413 horis
624 2373 811 2428 expromi
830 2388 914 2414 non
937 2374 1132 2428 possent?
1163 2372 1265 2426 quid
1288 2372 1453 2414 interim
1474 2370 1626 2412 obiecit

227 2448 247 2477 8
273 2434 385 2487 quod
409 2434 462 2473 L.
489 2434 670 2484 Paulus,
709 2435 742 2476 si
774 2450 943 2476 causam
969 2436 1097 2484 dicat,
1134 2443 1335 2489 negatum
1360 2434 1483 2475 velit?
1521 2433 1624 2473 (luas

271 2495 372 2535 mihi
411 2495 560 2547 aliquis
597 2497 809 2538 contiones
840 2513 1065 2552 parumper
1101 2497 1246 2546 faciat,
1282 2511 1409 2537 unam
1448 2495 1623 2535 militum

274 2556 666 2606 Macedonicorum,
697 2573 845 2612 puram
876 2560 1049 2600 alteram
1080 2558 1315 2612 integrioris
1346 2557 1488 2598 iudicii
1513 2571 1538 2596 a
1561 2555 1625 2595 fa-

274 2634 371 2660 vore
402 2625 441 2660 et
474 2618 588 2667 odio,
625 2619 807 2661 universi
837 2622 981 2675 populi
1006 2621 1199 2661 Romani.
1259 2627 1361 2674 aput
1390 2617 1622 2660 contionem
