1804 2926
175 291 193 319 ἱ)

175 477 192 506 6

177 787 192 815 *1

174 973 193 1002 8

177 1096 193 1125 9

160 1223 170 1249 1
177 1222 196 1251 Ο

177 1660 195 1689 10

222 163 277 203 46
495 172 648 206 LIBER
675 172 882 216 XXXXII,
910 172 964 205 ⁶23.
984 172 1038 206 24.
1068 174 1117 215 [a.
1133 182 1166 205 u.
1182 183 1211 206 c.
1226 172 1308 216 582]

220 276 375 316 bellum
401 290 560 329 gerere.
610 284 671 317 set
697 275 781 316 iam
806 276 915 317 ultra
940 276 1178 330 superbiam
1205 275 1580 330 crudelitatemque

220 346 261 380 et
285 338 504 379 avaritiam
529 337 618 379 eius
643 352 727 379 non
747 338 835 393 pati
858 353 981 393 posse
998 336 1383 393 Carthaginienses.
1432 339 1580 380 missos

219 415 309 441 sese
335 400 407 453 (1111
432 407 599 441 orarent
631 408 843 449 senatum,
879 408 926 441 ut
956 401 1082 441 trium
1114 400 1262 441 harum
1286 415 1426 441 rerum
1450 415 1579 442 unam

219 463 272 503 ab
298 478 342 504 se
367 463 581 517 impetrari
607 463 808 505 sinerent:
845 472 891 504 ut
916 464 983 505 vel
1008 479 1060 505 ex
1094 478 1229 517 aequo
1260 462 1390 518 in[ter
1414 462 1578 518 regem]

220 525 379 565 socium
410 525 717 580 populumque,
755 525 858 578 quid
889 526 1090 579 cuiusque
1123 534 1249 575 esset,
1282 526 1580 580 disceptarent,

220 587 288 628 vel
320 588 605 642 permitterent
639 586 1082 642 Carthaginiensibus,
1120 597 1164 629 ut
1198 588 1398 629 adversus
1428 588 1581 629 iniusta

219 664 336 690 arma
359 650 428 704 pio
453 650 647 703 iustoque
674 665 717 691 se
744 658 978 691 tutarentur
1002 650 1133 700 bello3
1165 651 1232 692 vel
1257 651 1311 691 ad
1336 658 1581 698 extremum,

220 711 254 751 si
285 712 422 766 gratia
451 712 546 767 plus
578 727 706 765 quam
730 712 883 754 veritas
911 720 1011 767 aput
1036 727 1105 754 eos
1131 713 1307 761 valeret,
1341 713 1469 754 semel
1499 720 1582 754 sta-

220 780 397 823 tuerent,
423 774 525 827 quid
551 774 754 815 donatum
779 790 832 815 ex
858 775 993 815 alieno
1008 774 1262 816 Masinissae
1287 775 1454 816 vellent.
1490 789 1580 815 mo-

220 835 377 876 destius
415 844 525 877 certe
562 836 734 877 daturos
766 851 849 877 eos.
911 845 951 877 et
982 836 1177 885 scituros,
1215 837 1318 889 quid
1350 837 1581 886 dedissent3

218 897 357 951 ipsum
382 899 541 938 nullam
565 906 860 953 praeterquam
887 914 986 939 suae
1011 899 1195 939 libidinis
1216 899 1386 939 arbitrio
1413 898 1579 954 [finem]

219 959 441 1000 facturum.
501 960 651 1000 horum
683 961 716 1000 si
748 960 851 1000 nihil
880 960 1152 1014 impetrarent
1184 960 1427 1014 etvaliquod
1459 976 1582 1001 suum

219 1029 313 1076 post
339 1022 480 1062 datam
505 1038 530 1063 a
553 1022 604 1062 P.
632 1022 830 1077 Scipione
854 1037 1002 1077 pacem
1029 1022 1227 1063 delictum
1253 1030 1379 1071 esset,
1404 1022 1484 1077 ipsi
1508 1037 1583 1077 po-

221 1084 303 1124 tius
330 1084 709 1126 animadverterent
734 1085 777 1125 in
804 1100 859 1126 sc.
910 1093 1043 1125 tutam
1069 1084 1314 1126 servitutem
1339 1100 1382 1126 se
1409 1084 1487 1126 sub
1508 1085 1582 1125 do—

222 1146 344 1187 minis
377 1147 579 1188 Romanis
616 1162 742 1201 quam
779 1147 1017 1188 libertatem
1055 1147 1287 1202 expositam
1323 1147 1376 1188 ad
1411 1147 1582 1188 iniurias

222 1209 474 1250 Masinissae
499 1210 623 1250 malle
633 1226 643 1258 3
674 1210 809 1264 perire
836 1210 1016 1263 denique
1043 1210 1170 1251 semel
1195 1209 1296 1264 ipsis
1322 1210 1452 1251 satius
1477 1224 1581 1259 esse,

220 1286 346 1324 quam
373 1272 451 1312 sub
477 1272 746 1313 acerbissimo
773 1272 978 1313 carnificis
1006 1272 1177 1313 arbitrio
1204 1272 1396 1326 spiritum
1416 1272 1581 1313 ducere.

220 1333 299 1373 sub
322 1332 428 1374 haec
453 1334 562 1374 dicta
594 1334 848 1375 lacrimantis
881 1335 1197 1389 proculmerunt
1229 1334 1427 1388 stratique
1452 1334 1581 1381 humi,

220 1409 304 1435 non
330 1396 410 1435 sibi
434 1397 568 1451 magis
594 1396 921 1437 misericordiam
942 1411 1069 1450 quam
1092 1397 1182 1451 regi
1203 1395 1425 1451 [invidiam
1446 1397 1583 1438 conci-

221 1456 395 1511 tarunt].

306 1519 510 1560 X-XHH.
548 1520 805 1575 Interrogari
831 1520 1062 1562 Gulussam
1093 1521 1268 1575 placuit,
1306 1521 1407 1574 quid
1432 1521 1486 1562 ad
1511 1536 1582 1562 eas

223 1580 329 1636 [res]
356 1582 647 1636 responderet,
675 1592 766 1631 aut,
793 1583 827 1623 si
851 1583 966 1637 prius
992 1583 1148 1632 mallet,
1174 1597 1431 1637 expromere,
1458 1598 1583 1638 super

221 1658 305 1696 qua
330 1659 374 1685 re
400 1644 581 1685 Romam
606 1645 801 1687 venisset.
864 1645 1053 1686 Gulussa
1077 1660 1215 1698 neque
1241 1645 1319 1686 sibi
1343 1645 1465 1688 facile
1491 1661 1582 1687 esse

221 1706 326 1746 dixit
350 1706 401 1748 de
426 1708 460 1747 is
485 1707 610 1748 rebus
636 1722 780 1762 agere,
813 1707 864 1749 de
897 1707 1050 1761 quibus
1075 1707 1179 1749 nihil
1203 1707 1390 1748 mandati
1415 1723 1440 1749 a
1464 1716 1582 1762 patre

221 1768 413 1817 liaberet,
439 1783 575 1822 neque
600 1770 708 1824 patri
732 1770 854 1811 facile
880 1769 1009 1810 fuisse
1035 1769 1254 1818 mandare,
1280 1783 1377 1810 cum
1403 1768 1582 1811 Cartha-

221 1831 432 1885 ginienses
457 1847 534 1873 nec
560 1833 612 1873 de
643 1847 727 1886 qua
757 1847 801 1873 re
827 1832 960 1873 acturi
986 1840 1125 1873 essent
1154 1846 1233 1873 nec
1258 1831 1426 1872 omnino
1450 1832 1581 1873 ituros

223 1908 266 1934 se
292 1894 472 1935 Romam
497 1895 792 1936 indicaverint:
818 1895 861 1935 in
887 1894 990 1936 aede
1015 1894 1249 1949 Aesculapi
1273 1894 1580 1936 clandestinum

222 1970 292 1997 cos
311 1971 386 2010 per
406 1957 562 2010 aliquot
581 1966 723 1998 noctes
739 1957 959 1998 consilium
978 1956 1215 2011 principum
1234 1956 1445 2006 habuisse,
1470 1957 1581 1999 unde

223 2016 352 2072 [....]
385 2028 602 2072 praeterea
637 2019 798 2073 legatos
836 2019 1010 2060 occultis
1042 2034 1137 2060 cum
1167 2019 1375 2060 mandatis
1401 2019 1581 2060 Romam

221 2080 342 2121 mitti.
402 2096 495 2122 cam
520 2095 692 2122 causam
717 2081 846 2123 fuisse
871 2082 980 2137 patri
1003 2081 1195 2123 mittendi
1220 2096 1264 2122 se
1290 2082 1484 2131 Romam,
1509 2082 1582 2136 qui

223 2143 517 2198 deprecaretur
542 2152 753 2194 senatum,
779 2160 831 2187 ne
857 2145 959 2199 quid
984 2143 1277 2186 communibus
1302 2145 1480 2187 inimicis
1504 2146 1582 2187 cri-

221 2206 477 2247 minantibus
511 2222 555 2248 se
581 2208 820 2257 crederent,
847 2222 974 2261 quem
998 2208 1052 2248 ob
1077 2208 1237 2248 nullam
1262 2207 1387 2248 aliam
1412 2222 1582 2249 causam

223 2268 301 2308 nisi
331 2278 501 2322 propter
531 2277 792 2311 constantem
824 2270 952 2311 fidem
982 2285 1083 2325 erga
1112 2269 1317 2324 populum
1341 2269 1581 2311 Romanum

223 2330 420 2370 odissent.

308 2392 388 2431 His
419 2392 627 2446 utrimque
654 2395 805 2435 auditis
832 2402 1001 2436 senatus
1028 2395 1079 2436 de
1109 2394 1330 2449 postulatis
1357 2393 1581 2449 Carthagi-

223 2454 431 2495 niensium
461 2457 674 2497 consultus
705 2458 958 2511 respondere
982 2458 1041 2499 ita
1070 2458 1209 2507 iussit,
1236 2457 1468 2500 Gulussam
1491 2458 1582 2512 pla-

224 2530 317 2556 cere
339 2518 547 2571 extemplo
566 2518 609 2558 in
622 2518 866 2559 Numidiam
885 2520 1092 2574 proficisci
1113 2528 1153 2561 et
1177 2520 1370 2561 nuntiare
1389 2519 1509 2574 patri,
1534 2529 1580 2559 ut

224 2577 275 2619 de
300 2578 349 2619 iis
375 2579 426 2620 de
451 2579 603 2632 quibus
625 2578 995 2634 Carthaginienses
1021 2590 1250 2634 querantur
1273 2582 1433 2635 legatos
1453 2594 1579 2633 quam

223 2640 404 2694 primum
418 2641 471 2681 ad
484 2650 673 2683 senatum
687 2642 823 2682 mittat
839 2642 1135 2695 denuntietque
1146 2640 1577 2696 Carthaginiensibus,
