1804 2926
306 219 596 256 PERIOCHAE
622 217 888 254 LIBRORUM
914 217 1336 253 LXXIII-LXXVII.
1414 206 1496 247 209

142 312 279 347 Caesar
298 311 424 345 consul
442 309 601 344 feliciter
619 309 793 343 adversus
808 308 990 343 Samnites
1003 307 1193 357 pugnavit.
1230 308 1277 342 ob
1291 318 1373 342 eam
1384 306 1495 341 victo-

142 358 233 392 riam
245 357 385 390 Romae
400 366 491 400 saga
504 354 625 399 posita
638 358 733 388 sunt.
761 358 798 388 ct
811 358 852 388 ut
864 354 966 388 varia
979 354 1068 387 belli
1082 354 1230 388 fortuna
1243 357 1350 396 esset,
1365 353 1497 387 Aeser-

142 403 204 436 nia
217 401 361 435 colonia
374 412 455 435 cum
468 400 518 433 M.
532 399 709 434 Marcello
722 400 760 432 in
773 403 994 443 potestatem
1011 398 1225 433 Samnitium
1240 399 1352 433 venit.
1384 398 1448 432 sed
1462 401 1500 431 et

143 447 182 482 C.
196 447 334 480 Marius
352 445 491 490 proelio
511 444 653 478 Marsos
672 444 786 487 fudit,
805 444 920 479 Herio
933 444 1063 478 Asinio
1084 448 1253 487 praetore
1273 443 1497 477 Marrucino-

142 503 221 526 rum
235 491 366 526 occiso.
392 490 432 526 C.
447 489 628 525 Caecilius
642 490 680 523 in
695 488 821 524 Gallia
834 489 1065 535 transalpina
1079 489 1261 524 Salluvios
1274 489 1499 524 rebellantes

145 537 244 572 vicit.

667 582 718 607 Ex
736 582 809 607 ΜΒ.
829 582 972 607 Lxxun.

211 626 481 671 Cn.Pompeius
493 625 665 660 Picentes
677 625 817 670 proelio
830 625 926 660 fudit
942 628 967 669 [.
983 651 990 660 .
1007 628 1030 669 .]
1047 625 1201 660 obsedit.
1226 628 1377 670 propter
1390 635 1498 669 quam

142 672 330 705 victoriam
342 671 482 705 Romae
500 674 715 715 praetextae
735 674 772 705 et
791 671 865 705 alia
884 671 1167 716 magistratuum
1179 671 1339 716 insignia
1353 674 1499 714 sumpta

142 720 238 750 sunt.
275 716 314 751 C.
329 716 468 750 Marius
488 727 570 750 cum
583 716 714 750 Marsis
735 716 846 750 dubio
867 721 999 750 eventu
1011 716 1202 762 pugnavit.
1238 715 1396 750 libertini
1413 719 1499 749 tunc

142 763 297 806 primum
311 762 469 796 militare
483 765 694 806 coeperunt.
726 762 772 795 A.
786 762 929 796 Plotius
945 762 1089 807 legatus
1103 761 1272 802 Umbros,
1288 761 1331 794 L.
1346 760 1499 794 Porcius
1550 757 1555 761 ”

142 811 290 851 praetor
302 807 487 849 Etruscos,
503 818 586 840 cum
600 811 752 851 uterque
766 807 924 851 populus
939 807 1146 850 defecisset,
1167 806 1306 851 proelio
1320 805 1498 840 vicerunt.

142 852 361 888 Nicomedes
386 852 422 885 in
448 852 664 896 Bithyniae,
695 852 968 886 Ariobarzanes
999 852 1037 886 in
1061 851 1320 896 Cappadociae
1343 862 1499 896 regnum

141 897 281 932 reducti
307 900 402 931 sunt.
440 896 506 931 Cn.
527 897 726 941 Pompeius
751 898 878 931 consul
897 897 1037 931 Marsos
1063 898 1141 932 acie
1166 897 1265 931 vicit.
1308 907 1390 931 cum
1416 907 1499 930 aere

143 943 264 977 alieno
278 953 405 986 pressa
419 946 514 977 esset
529 942 668 985 civitas,
683 943 729 976 A.
746 942 983 986 Sempronius
996 942 1137 977 Asellio
1150 945 1311 986 praetor,
1327 941 1499 987 quoniam

142 988 342 1022 secundum
355 987 538 1022 debitores
551 987 606 1020 ius
621 988 784 1030 dicebat,
807 989 853 1022 ab
878 989 929 1022 eis
949 988 1010 1033 qui
1028 987 1274 1022 faenerabant
1291 987 1330 1021 in
1348 987 1427 1021 foro
1441 997 1498 1020 oc-

142 1033 238 1067 cisus
251 1037 317 1066 est.
341 1037 535 1076 praeterea
546 1032 771 1068 incursiones
780 1033 965 1068 Thracum
979 1033 1016 1067 in
1024 1032 1280 1067 Macedoniam
1293 1031 1499 1078 populatio-

142 1089 279 1123 nesque
294 1078 469 1112 continet.

684 1125 736 1150 Ex
756 1126 828 1150 Llss.
848 1125 960 1150 Lxxv.

209 1168 256 1201 A.
279 1168 489 1202 Postumius
514 1168 673 1202 Albinus
698 1169 843 1214 legatus
869 1180 950 1202 cum
982 1169 1092 1203 classi
1116 1171 1320 1213 praeesset,
1353 1167 1500 1201 infamis

143 1213 292 1247 crimine
316 1214 536 1257 proditionis
561 1214 608 1248 ab
633 1218 794 1248 exercitu
820 1225 885 1247 suo
904 1214 1121 1249 interfectus
1141 1218 1206 1248 est.
1243 1214 1286 1247 L.
1309 1212 1500 1248 Cornelius

144 1258 247 1303 Sylla
266 1258 411 1303 legatus
426 1258 609 1293 Samnites
628 1259 769 1303 proelio
789 1258 877 1292 vicit
890 1264 926 1293 et
938 1259 1027 1293 bina
1040 1263 1162 1293 castra
1175 1269 1299 1293 eorum
1313 1269 1499 1303 expugna—

141 1305 203 1337 vit.
252 1303 319 1337 Cn.
344 1304 543 1347 Pompeius
568 1303 741 1339 Vestinos
764 1304 801 1337 in
825 1304 1048 1338 deditionem
1073 1305 1229 1348 accepit.
1277 1303 1321 1337 L.
1348 1303 1500 1337 Porcius

142 1349 268 1382 consul
280 1349 390 1382 rebus
404 1359 576 1393 prospere
590 1349 703 1393 gestis
716 1348 879 1392 fusisque
892 1349 1115 1392 aliquotiens
1122 1349 1264 1392 Marsis,
1281 1349 1367 1382 dum
1381 1352 1502 1382 castra

142 1404 266 1427 eorum
292 1397 494 1438 expugnat,
523 1393 674 1437 cecidit;
711 1404 756 1428 ea
779 1405 837 1428 res
862 1394 1028 1428 hostibus
1053 1394 1244 1428 victoriam
1268 1394 1346 1428 eius
1371 1394 1501 1437 proelii

141 1439 253 1472 dedit.
281 1438 480 1472 Cosconius
495 1442 531 1473 et
545 1438 718 1472 Lucanus
733 1438 916 1473 Samnites
930 1438 1007 1473 acie
1020 1439 1197 1482 vicerunt,
1213 1439 1370 1472 Marium
1378 1439 1500 1484 Egna-

140 1483 230 1517 tium
249 1483 514 1517 nobilissimum
533 1483 691 1517 hostium
706 1484 834 1517 ducem
849 1483 1063 1517 occiderunt
1101 1483 1361 1528 compluraque
1377 1495 1500 1518 eorum

141 1529 278 1573 oppida
295 1528 333 1561 in
348 1529 572 1563 deditionem
587 1532 819 1573 acceperunt.
856 1529 900 1562 L.
916 1528 1021 1574 Sylla
1034 1528 1210 1573 Hirpinos
1226 1528 1376 1571 domuit,
1400 1528 1499 1563 Sam—

139 1575 234 1608 nites
258 1573 424 1618 pluribus
444 1574 595 1618 proeliis
612 1573 726 1617 fudit,
759 1574 901 1618 aliquot
919 1574 1075 1619 populos
1095 1574 1252 1619 recepit,
1282 1574 1501 1619 quantisque

140 1630 221 1653 raro
248 1619 440 1663 quisquam
466 1619 558 1653 alius
585 1623 670 1653 ante
694 1620 925 1654 consulatum
949 1619 1060 1654 rebus
1084 1620 1198 1665 gestis
1219 1619 1266 1654 ad
1285 1619 1502 1664 petitionem

140 1665 351 1698 consulatus
363 1664 519 1698 Romam
532 1668 588 1699 est
598 1664 798 1710 profectus.

678 1718 729 1742 Ex
747 1718 820 1742 ΜΒ,
840 1717 968 1743 Lxxw.

210 1754 254 1788 A.
270 1753 453 1789 Gabinius
472 1754 620 1800 legatus
639 1755 750 1790 rebus
772 1756 944 1790 adversus
959 1755 1133 1790 Lucanos
1145 1766 1320 1801 prospere
1337 1755 1452 1801 gestis
1467 1760 1503 1789 et

141 1799 306 1843 plurimis
320 1800 464 1844 oppidis
478 1801 697 1846 expugnatis
707 1827 715 1843 ,
736 1801 773 1835 in
788 1801 978 1836 obsidione
992 1801 1179 1835 hostilium
1193 1806 1395 1836 castrorum
1410 1801 1502 1835 ceci-

143 1844 207 1877 dit.
245 1843 429 1889 Sulpicius
448 1846 594 1890 legatus
607 1846 836 1880 Marrucinos
856 1846 988 1881 cecidit
1006 1850 1194 1891 totamque
1216 1858 1296 1881 eam
1316 1847 1503 1891 regionem

142 1889 292 1933 recepit.
329 1889 395 1923 Cn.
409 1890 608 1934 Pompeius
627 1892 824 1935 proconsul
838 1892 1012 1927 Vestinos
1032 1896 1069 1926 et
1082 1892 1282 1937 Paelignos
1298 1892 1334 1926 in
1348 1892 1502 1926 deditio-

143 1945 227 1967 nem
252 1934 407 1978 accepit.
444 1934 557 1968 Marsi
582 1947 744 1980 quoque,
772 1948 795 1971 a
819 1936 864 1970 L.
884 1937 1004 1971 Cinna
1027 1941 1064 1971 et
1089 1936 1251 1972 Caecilio
1276 1937 1346 1971 Pio
1369 1936 1504 1982 legatis

144 1978 284 2023 aliquot
308 1979 456 2023 proeliis
479 1979 606 2024 fracti,
632 1985 758 2024 petere
784 1993 913 2025 pacem
938 1986 1148 2026 coeperunt.
1185 1982 1364 2016 Asculum
1390 1994 1412 2016 a
1436 1982 1502 2015 Cn.

144 2024 320 2068 Pompeio
340 2029 487 2068 captum
508 2029 574 2059 est.
611 2026 728 2059 caesis
748 2030 784 2059 ct
799 2026 1018 2060 aMamerco
1032 2027 1191 2061 Aemilio
1211 2027 1336 2071 legato
1350 2027 1501 2067 Italicis,

145 2068 221 2103 Silo
242 2069 489 2113 Pompaedius
505 2070 576 2103 dux
594 2069 811 2114 Marsorum,
833 2075 962 2104 auctor
975 2071 1052 2105 eius
1065 2071 1135 2114 rei,
1156 2071 1193 2104 in
1206 2072 1345 2116 proelio
1359 2071 1502 2105 cecidit.

144 2114 415 2148 Ariobarzanes
434 2114 712 2159 Cappadociae,
732 2115 950 2151 Nicomedes
968 2116 1168 2161 Bithyniae
1186 2127 1302 2162 regno
1322 2128 1344 2150 a
1363 2116 1503 2149 Mithri-

145 2159 231 2193 date
263 2159 374 2193 Ponti
404 2170 492 2205 rege
522 2159 620 2204 pulsi
645 2164 738 2194 sunt.
788 2164 983 2205 praeterea
1006 2161 1232 2196 incursiones
1258 2161 1443 2195 Thracum
1467 2161 1504 2194 in

145 2204 400 2239 Macedoniam
412 2205 744 2250 populationesque
757 2206 932 2240 continet.

674 2259 726 2283 nx
745 2259 818 2282 Lm.
840 2258 981 2283 LXXVII.

213 2294 305 2329 Cum
323 2295 365 2328 P.
381 2294 567 2340 Sulpicius
583 2296 751 2330 tribunus
771 2295 890 2341 plebis
911 2300 1061 2331 auctore
1082 2295 1122 2331 C.
1141 2295 1260 2330 Mario
1278 2295 1504 2341 perniciosas

146 2339 248 2384 leges
267 2341 554 2386 promulgasset,
576 2346 617 2375 ut
636 2341 777 2376 exsules
797 2345 1055 2376 revocarentur
1068 2341 1200 2376 etnovi
1215 2341 1312 2376 cives
1325 2341 1502 2375 libertini-

144 2395 217 2428 que
245 2387 270 2427 [.
288 2411 295 2418 .
311 2387 335 2428 .]
364 2385 683 2430 distribuerentur,
712 2390 749 2421 et
771 2390 813 2420 ut
831 2386 871 2420 C.
891 2386 1029 2420 Marius
1055 2387 1229 2421 adversus
1252 2387 1504 2421 Mithridatem

146 2430 256 2463 Ponti
269 2441 395 2474 regem
409 2431 480 2464 dux
492 2436 689 2475 crearetur,
705 2435 742 2466 ct
755 2431 1034 2466 adversantibus
1047 2432 1258 2466 consulibus
1272 2431 1315 2472 Q.
1325 2432 1503 2477 Pompeio

147 2479 183 2509 et
196 2475 240 2508 L.
256 2474 382 2520 Syllae
400 2475 473 2508 vim
491 2476 690 2520 intulisset,
712 2477 833 2510 occiso
848 2476 891 2517 Q.
905 2477 1060 2521 Pompei
1079 2477 1238 2511 consulis
1251 2476 1346 2521 filio,
1368 2488 1502 2523 genero

148 2519 289 2565 Syllae,
311 2520 354 2553 L.
377 2520 482 2566 Sylla
507 2521 635 2555 consul
661 2533 742 2556 cum
761 2522 922 2556 exercitu
941 2522 978 2555 in
996 2522 1124 2556 urbem
1147 2523 1248 2557 venit
1268 2527 1305 2557 et
1330 2524 1504 2557 adversus

146 2565 344 2599 factionem
360 2565 499 2610 Sulpici
512 2571 549 2600 et
561 2566 656 2600 Mari
669 2567 707 2600 in
720 2567 800 2611 ipsa
813 2567 903 2601 urbe
917 2567 1096 2612 pugnavit
1110 2579 1263 2613 eamque
1277 2568 1427 2613 expulit.
1460 2579 1503 2602 ex

147 2621 220 2655 qua
240 2611 433 2645 duodecim
448 2623 469 2645 a
483 2616 613 2645 senatu
633 2612 755 2646 hostes
766 2639 774 2655 ,
796 2612 890 2646 inter
910 2624 999 2657 quos
1013 2612 1052 2647 C.
1068 2612 1206 2647 Marius
1223 2618 1331 2658 pater
1345 2618 1382 2648 et
1394 2613 1501 2657 filius,

146 2656 298 2690 iudicati
310 2660 405 2690 sunt.
430 2657 472 2690 P.
489 2656 671 2701 Sulpicius
685 2669 765 2691 cum
779 2657 815 2691 in
830 2659 989 2702 quadam
1002 2658 1090 2692 villa
1102 2658 1246 2702 lateret,
1260 2658 1394 2693 indicio
1410 2660 1503 2693 servi

148 2702 203 2734 sui
220 2705 399 2736 retractus
420 2706 456 2736 et
476 2702 617 2736 occisus
637 2707 702 2737 est.
740 2714 863 2737 servus
881 2708 922 2738 ut
940 2703 1142 2748 praemium
1160 2704 1377 2748 promissum
1391 2704 1503 2738 indici

216 2758 273 2785 Lim?
288 2759 336 2784 1¹01.
352 2759 395 2785 11'.
1240 2761 1284 2794 14
