1804 2926
198 84 281 125 386

778 100 900 126 INDEX
924 100 1068 127 RERVM.

219 184 275 227 22,
291 184 346 227 57,
361 184 382 217 3
414 183 603 218 Vestalem
617 184 722 218 caedi
738 184 840 219 iubet
851 185 906 229 28,
959 185 1007 219 ib.
1021 186 1043 219 8
1067 185 1290 220 Antiochum
1303 186 1409 232 virga
1422 187 1646 224 circumscri-

220 231 272 271 11,
293 231 313 263 6
351 229 398 262 ab
423 228 501 262 eius
525 230 710 263 sententia
730 230 777 264 ad
797 230 907 265 colle·
957 231 1048 265 bens
1060 236 1272 276 certumque
1286 243 1502 277 responsum
1521 240 1646 278 postu-

217 274 317 319 gium
330 277 550 318 provocatur
562 274 699 316 31‚9,8
722 275 908 310 flaminem
956 277 1036 311 lans
1063 277 1222 311 deterret
1246 288 1268 311 a
1292 277 1390 312 bello
1417 289 1499 312 cum
1523 279 1646 315 Ptole-

217 319 350 353 retinet
375 323 412 353 et
437 319 590 352 multam
615 320 703 353 dicit
726 321 781 362 37,
807 321 861 363 51,
887 322 908 355 2
955 323 1069 357 maeis
1089 324 1144 364 45,
1166 323 1218 363 12,
1233 323 1309 357 5P.
1336 324 1525 358 renuntiat
1543 324 1645 370 lega-

217 363 401 408 pontificis
422 375 516 397 max.
538 368 724 399 certamen
750 366 795 400 de
820 378 907 411 rege
954 368 1090 402 tionem
1104 369 1160 411 45,
1176 369 1230 401 13.

217 420 403 443 sacrorum
427 409 685 454 inaugurando
710 410 771 453 40,
797 411 858 453 42,
885 412 907 445 8
932 412 980 446 M.
996 413 1176 458 Popillius
1190 413 1338 448 Laenas
1351 424 1424 447 cos.
1439 414 1524 457 7,12
1548 414 1646 449 Lici-

214 455 376 498 praetori
400 455 517 489 multa
543 456 726 500 irrogatur
746 467 768 489 a
786 457 905 500 ponti-

216 499 356 541 ficibus,
387 500 485 544 quod
512 511 594 534 cum
619 500 793 545 pontifice
812 513 904 536 max.

215 545 386 579 iniuriose
412 546 655 580 contenderat
678 545 720 579 P.
740 546 796 580 47.
833 547 905 591 pri-

214 602 292 624 mus
313 595 414 624 extra
434 590 581 624 Italiam
601 591 648 625 ad
667 591 805 626 bellum
823 603 904 636 pro-

213 635 349 713 {ectgffi
392 636 499 670 clade
536 640 693 681 accepta
728 637 906 672 occiditur

249 689 325 714 .z›..

954 459 1053 492 nium
1074 459 1261 493 Stolonem
1282 459 1433 493 damnat
1447 459 1545 504 quod
1564 470 1646 493 cum

954 503 1029 537 filio
1050 504 1150 538 mille
1169 504 1299 549 iugera
1318 505 1484 548 possidet
1504 505 1534 547 7,
1557 505 1610 548 16,
1625 505 1646 539 9

953 559 1026 583 cos.
1047 549 1178 584 iterum
1192 550 1223 591 7,
1241 550 1280 583 17
1307 549 1516 583 Tiburtium
1536 561 1646 595 agros

952 597 1074 628 vastat
1087 594 1136 628 ib.
1149 596 1170 627 2
1195 595 1342 629 tertium
1357 606 1430 628 cos.
1446 595 1530 636 7:23
1555 595 1644 630 Gal-

953 639 1007 672 los
1026 640 1148 673 fundit
1160 639 1341 685 fugatque
1356 640 1387 681 7,
1402 640 1457 681 24,
1472 642 1494 674 8
1518 641 1643 674 trium-

979 685 1043 719 hat
1057 685 1087 726 7,
1101 685 1146 718 25
1172 690 1342 729 quartum
1356 696 1429 719 COS.
1444 686 1474 727 7,
1489 686 1544 728 26,
1561 687 1615 719 13.

191 726 248 759 Ti.
262 724 476 759 Pontificius
490 726 658 761 tribunus
668 727 789 773 legem
799 739 903 773 agra-
931 729 950 762 ll
972 756 979 762 .
993 729 1173 774 Popillius
1192 730 1342 765 Laenas
1360 731 1526 764 triumvir
1546 731 1643 765 colo-

212 771 304 804 riam
317 775 438 805 movet
450 772 482 814 2,
496 772 552 805 44.

190 816 229 850 O.
244 816 437 850 Pontinius
449 821 598 862 praetor
605 817 828 864 Allobroges
842 818 904 853 do-

212 866 288 896 mat
303 862 343 895 P.
360 863 437 895 103.

190 907 343 941 Pontius
364 908 550 942 Cominius
570 908 699 943 cortici
723 908 904 943 incubans

211 953 372 987 secundo
399 953 527 988 Tiberi
559 954 706 988 delatus
736 958 903 988 senatum

211 998 256 1076 {le
282 999 488 1033 revocando
509 999 664 1034 Camillo
690 1000 847 1034 consulit
870 1001 902 1043 5,

235 1047 266 1085 b,
282 1045 313 1077 8.

188 1088 227 1123 C.
243 1089 398 1122 Pontius
418 1088 583 1124 Herenni
601 1088 698 1124 filius
720 1089 902 1125 Samnites

211 1134 259 1168 ad
290 1134 428 1168 bellum
453 1138 581 1169 eontra
604 1135 791 1169 Romanos
824 1137 902 1170 oral

210 1179 309 1214 tione
324 1180 459 1214 excitat
467 1180 499 1219 9,
511 1181 540 1223 1,
549 1181 571 1214 3
585 1181 784 1215 exercitum
796 1181 901 1215 Rom.

210 1225 310 1269 capit
328 1225 364 1259 in
385 1225 537 1259 furculis
551 1225 728 1260 Caudinis
748 1227 778 1268 9,
792 1226 813 1259 2
838 1238 901 1271 pa-

209 1270 260 1304 eis
275 1271 509 1305 condiciones
528 1272 683 1316 imponit
701 1276 825 1316 spreto
838 1283 901 1317 pa-

208 1316 274 1349 tris
294 1316 446 1350 consilio
467 1318 498 1357 9,
518 1317 550 1359 4,
564 1318 586 1351 3
621 1317 700 1352 eius
718 1317 836 1352 oratio
855 1318 902 1351 ad

951 775 1036 810 niae
1057 776 1114 817 40,
1133 776 1178 809 43
1214 779 1362 819 praetor
1379 776 1434 817 41,
1456 776 1509 819 14,
1523 777 1545 810 5
1582 776 1643 810 de-

952 824 1124 864 precatur
1141 831 1187 854 ne
1206 821 1244 854 in
1263 820 1488 865 provinciam
1507 825 1569 855 eat
1586 821 1643 863 41,

953 866 1006 907 15,
1026 866 1046 899 6
1077 866 1223 910 legatus
1243 866 1290 899 ad
1307 865 1462 900 Aetolos
1482 866 1538 907 41,
1552 866 1608 908 25,
1623 867 1645 899 5

952 921 1025 944 cos.
1046 911 1101 951 41,
1115 910 1170 953 28,
1183 911 1206 944 4
1235 910 1393 955 Ligures
1410 911 1524 944 vincit
1540 911 1596 953 42,
1612 911 1644 952 7,

951 955 973 989 4
1008 956 1149 997 vendit,
1170 955 1345 1000 oppidum
1366 955 1477 989 diruit
1493 956 1549 997 42,
1570 956 1602 999 8,
1623 956 1645 990 3

951 1000 1097 1035 iubetur
1111 1012 1132 1035 a
1146 1004 1276 1035 senatu
1295 1011 1357 1035 eos
1375 1001 1414 1034 in
1432 1000 1643 1036 libertatem

951 1048 1144 1080 restituere
1165 1045 1210 1080 ib.
1230 1046 1249 1080 7
1285 1046 1423 1081 frustra
1447 1046 1485 1080 in
1511 1050 1644 1081 senatu

951 1096 1099 1125 recusat
1122 1092 1183 1133 42,
1210 1091 1231 1125 9
1268 1091 1345 1126 eius
1369 1090 1509 1126 invidia
1534 1095 1645 1125 aucta

951 1136 1150 1182 Liguribus
1170 1138 1303 1171 iterum
1316 1137 1498 1181 superatis
1517 1137 1573 1179 42,
1587 1137 1643 1179 21,

951 1182 972 1215 2
997 1186 1146 1216 coactus
1167 1182 1286 1216 redire
1305 1181 1461 1216 Romam
1480 1186 1537 1217 ter
1556 1193 1642 1216 cau-

952 1238 1029 1261 sam
1044 1227 1132 1261 dicit
1147 1227 1246 1271 apud
1259 1231 1468 1272 praetorem
1481 1228 1536 1269 42,
1550 1228 1606 1270 22,
1623 1227 1643 1261 7

952 1273 1152 1307 advocatus
1167 1272 1422 1307 centurionum
1430 1272 1484 1316 42,
1494 1273 1538 1306 33
1557 1283 1641 1307 con-

951 1317 1067 1352 sulem
1080 1317 1117 1352 in
1132 1317 1388 1353 Macedoniam
1409 1318 1574 1362 sequitur
1585 1318 1641 1360 44,

209 1361 356 1395 fetiales
369 1361 565 1404 Roman
580 1363 781 1396 seeundum
795 1373 901 1407 quos·
952 1365 981 1405 1,
996 1364 1017 1396 2
1052 1363 1202 1397 relictus
1228 1363 1275 1397 ad
1302 1364 1506 1397 custodiam
1526 1363 1642 1397 saltus

209 1406 292 1439 (lam
313 1407 464 1441 annales
486 1407 552 1440 sub
574 1407 699 1452 iugum
719 1408 849 1441 missus
868 1409 900 1450 9,
948 1409 1003 1450 44,
1018 1409 1107 1450 4,11
1123 1408 1264 1449 cf.44,7
1288 1408 1513 1442 Heracleam
1526 1419 1640 1452 oppu—

210 1452 263 1491 15,
277 1451 299 1484 8
313 1456 443 1495 eaptus
457 1456 493 1486 et
507 1452 544 1485 in
558 1452 741 1496 triumpho
758 1453 899 1495 ductus,

209 1496 294 1529 ‹lcin
307 1497 426 1531 securi
441 1508 635 1541 percussus
650 1497 691 1531 P.
708 1499 760 1530 11.

948 1458 1039 1498 gnat
1051 1453 1106 1494 44,
1122 1454 1152 1495 9,
1167 1453 1188 1486 2
1220 1453 1265 1486 ad
1286 1453 1507 1487 Meliboeam
1526 1464 1639 1498 oppu-

948 1498 1135 1543 gnandam
1150 1498 1279 1531 missus
1293 1499 1347 1539 44,
1366 1499 1417 1531 13.

185 1541 325 1575 Pontus
357 1553 511 1586 regnum
536 1541 761 1576 Mithridatis
787 1542 817 1576 P
858 1543 899 1577 77
928 1544 966 1577 P.
989 1543 1170 1587 Popillius
1190 1543 1338 1577 Laenas
1359 1542 1524 1576 triumvir
1543 1543 1638 1577 colo-

208 1586 398 1630 provincia
412 1586 453 1620 fit
466 1587 508 1620 P.
525 1588 601 1621 102.

184 1631 346 1676 Popillia
359 1632 502 1666 familia
515 1633 568 1675 42,
584 1633 638 1675 22,
654 1633 684 1666 7.

949 1589 1033 1623 niae
1046 1589 1101 1629 40,
1115 1589 1170 1623 43.

927 1633 965 1668 C.
981 1633 1160 1677 Popillius
1175 1632 1344 1667 Sabellus
1359 1643 1470 1677 eques
1484 1632 1640 1678 insignis

185 1677 366 1722 Popillius
387 1677 601 1712 Ciceronem
628 1682 737 1712 necat
755 1678 797 1711 P.
816 1678 898 1722 1203
947 1678 1163 1712 fortitudine
1176 1679 1231 1717 41,
1245 1679 1277 1719 4,
1293 1679 1324 1711 6.

206 1722 249 1755 F.
264 1723 307 1755 49
320 1735 352 1755 v.

184 1768 223 1802 C.
239 1768 421 1812 Popillius
436 1779 508 1802 eos.
523 1767 565 1801 F.
581 1768 624 1801 12
638 1768 672 1801 d.

927 1723 968 1756 L.
984 1723 1164 1767 Poplilius
1189 1723 1346 1757 Volscus
1366 1727 1409 1756 tr.
1432 1736 1477 1756 m.
1499 1734 1528 1757 c.
1549 1734 1585 1768 p.
1606 1723 1638 1766 5,

950 1769 1003 1811 12,
1019 1769 1062 1802 10
1076 1768 1121 1802 cf.
1137 1768 1301 1802 Publilii.

184 1812 231 1846 M.
248 1813 413 1858 Popilius
435 1824 457 1847 a
470 1813 704 1848 Numantinis
724 1813 841 1847 vietus
855 1813 896 1847 P.
926 1813 1215 1864 Populonienses
1250 1813 1387 1847 ferrum
1417 1813 1640 1858 pollicentur

182 1869 412 1947 RPOPopilius
426 1913 498 1937 eos.
515 1903 546 1945 9,
561 1904 616 1937 21.

948 1870 985 1893 ln
999 1858 1154 1893 classem
1167 1859 1271 1892 Rom.
1286 1859 1341 1900 48,
1354 1860 1409 1901 45,
1426 1860 1480 1893 15.

925 1904 1171 1948 Populonium
1185 1904 1238 1946 30,
1253 1904 1306 1946 39,
1321 1904 1355 1937 2.

181 1948 223 1982 P.
244 1948 426 1993 Popillius
452 1949 597 1994 legatus
622 1948 669 1983 ad
689 1948 897 1994 Syphacem
927 1949 1088 1994 Populus
1103 1949 1140 1982 in
1160 1949 1315 1994 triginta
1327 1949 1446 1983 curias
1466 1949 1602 1982 divisus
1617 1960 1639 1983 a

203 1994 258 2035 27,
273 1995 305 2036 4,
322 1994 352 2027 7.

182 2039 225 2072 T.
235 2039 402 2083 Popilius
414 2039 561 2084 legatus
574 2040 612 2073 in
626 2040 850 2082 exercitu26,
865 2040 896 2074 6.

181 2084 219 2119 C.
235 2084 416 2128 Popillius
431 2085 580 2119 Laenas
594 2096 666 2119 cos.
681 2085 736 2127 42,
752 2085 783 2127 9,
794 2086 815 2119 8
832 2096 897 2129 pro

202 2130 316 2164 fratre
336 2134 506 2164 senatum
526 2130 745 2174 deprecatur
764 2131 819 2173 42,
844 2131 895 2173 10,

204 2176 247 2209 10
274 2175 417 2210 senatui
437 2177 551 2209 iratus
565 2175 614 2209 ib.
630 2176 674 2210 15
698 2175 735 2209 in
752 2175 897 2220 provin—

203 2220 297 2254 ciam
322 2221 375 2255 ire
402 2221 546 2266 cogitur
569 2221 626 2263 42,
652 2221 697 2253 22
734 2221 897 2255 adversis

205 2266 355 2299 auribus
370 2266 406 2299 in
427 2270 559 2300 senatu
572 2266 719 2300 auditus
733 2266 788 2308 42,
804 2266 860 2309 28,
875 2266 896 2299 2

202 2311 349 2356 legatus
375 2311 412 2345 in
438 2310 636 2345 Graeciam
654 2312 710 2353 43,
734 2311 823 2354 17,2
859 2311 896 2345 in

202 2357 440 2391 Ambraciam
454 2356 584 2390 missus
599 2356 647 2390 ib.
664 2358 708 2390 10
733 2357 896 2391 Stratum

202 2402 488 2445 recipit43,22,2
515 2402 562 2435 ad
575 2402 799 2435 Antiochum
812 2402 895 2436 mis-

203 2457 263 2478 sus
280 2446 335 2488 44,
351 2448 404 2489 19,
421 2448 464 2481 13
501 2447 657 2481 dimissis
676 2448 811 2481 Atticis
830 2459 894 2482 na-

202 2491 306 2540 vibus
326 2493 448 2537 pergit
462 2493 508 2526 ad
528 2493 780 2538 peragendam
793 2493 894 2539 lega-

206 2539 342 2569 tionem
357 2538 411 2578 45,
429 2539 512 2579 10,2
536 2538 707 2572 Rhodum
721 2539 893 2573 devectus

205 2581 402 2624 asperitate
417 2583 593 2617 orationis
606 2594 731 2618 omnes
750 2584 894 2618 territat

945 1994 1102 2028 Romulo
1129 1996 1164 2036 1,
1192 1996 1246 2037 13,
1273 1995 1294 2028 6
1329 1994 1366 2028 in
1391 1994 1576 2028 centurias
1602 1998 1640 2028 et

946 2040 1083 2074 classes
1098 2040 1181 2081 1,43
1206 2040 1283 2074 eius
1297 2040 1412 2073 maior
1427 2050 1536 2084 quam
1550 2050 1634 2073 con-

946 2085 1033 2118 sulis
1053 2085 1227 2119 maiestas
1246 2085 1277 2127 2,
1294 2085 1323 2125 7,
1340 2085 1359 2118 7
1396 2085 1524 2129 populi
1544 2084 1636 2117 iudi-

946 2130 1042 2164 cium
1056 2141 1078 2164 a
1091 2134 1221 2165 senatu
1240 2130 1398 2164 rescindi
1417 2129 1546 2174 nequit
1557 2130 1590 2172 4,
1605 2130 1636 2172 7,

944 2176 966 2209 5
992 2175 1089 2219 quod
1103 2179 1327 2219 postremum
1340 2175 1499 2219 populus
1519 2175 1636 2215 iussit,

945 2221 982 2255 id
1001 2221 1056 2254 ius
1076 2225 1268 2265 ratumque
1290 2221 1319 2262 7,
1343 2221 1396 2262 17,
1413 2220 1474 2263 123
1500 2221 1532 2262 9,
1546 2221 1600 2263 33,
1615 2220 1636 2253 9

943 2277 1057 2310 penes
1071 2277 1154 2301 eum
1162 2267 1322 2300 omnium
1335 2277 1456 2300 rerum
1470 2269 1634 2310 potestas

944 2314 975 2352 8,
991 2312 1045 2351 33,
1062 2312 1103 2345 17
1129 2311 1256 2356 populi
1276 2311 1417 2345 iniussu
1429 2311 1482 2344 nil
1502 2310 1636 2344 sanciri

944 2361 1074 2400 potest,
1090 2357 1188 2401 quod
1201 2356 1378 2401 populum
1391 2359 1517 2391 teneat
1529 2356 1560 2398 9,
1575 2355 1637 2397 9,4

944 2414 1025 2436 eum
1040 2406 1079 2435 ut
1091 2402 1289 2446 plebiscita
1296 2404 1475 2444 tenerent,
1486 2401 1544 2436 lex
1558 2401 1636 2435 lata

943 2447 974 2489 3,
989 2448 1044 2489 55,
1059 2448 1098 2490 33
1117 2448 1149 2489 8,
1165 2448 1218 2488 12,
1234 2447 1277 2480 14
1314 2447 1391 2481 eius
1411 2447 1551 2480 iniussu
1569 2456 1636 2490 per

942 2497 1111 2527 senatum
1131 2493 1176 2527 de
1199 2492 1340 2526 civibus
1360 2492 1465 2526 Rom.
1481 2491 1543 2536 agi
1561 2501 1635 2524 non

941 2542 1064 2583 potest
1087 2539 1142 2581 26,
1167 2539 1222 2581 33,
1244 2539 1288 2572 10
1323 2537 1480 2582 populus
1507 2546 1633 2581 regem

941 2584 1044 2619 iubet
1060 2586 1089 2627 1,
1104 2584 1166 2628 223
1182 2585 1212 2627 1,
1228 2584 1271 2618 32
1298 2583 1344 2617 ab
1359 2580 1583 2616 Ardeatibus
1597 2583 1634 2615 et
