<?xml version="1.0" encoding="UTF-8"?>
<!DOCTYPE html PUBLIC "-//W3C//DTD XHTML 1.0 Transitional//EN"
    "http://www.w3.org/TR/xhtml1/DTD/xhtml1-transitional.dtd">
<html xmlns="http://www.w3.org/1999/xhtml" xml:lang="en" lang="en">
 <head>
  <title>
</title>
<meta http-equiv="Content-Type" content="text/html;charset=utf-8" />
  <meta name='ocr-system' content='tesseract 3.04.00' />
  <meta name='ocr-capabilities' content='ocr_page ocr_carea ocr_par ocr_line ocrx_word'/>
</head>
<body>
  <div class='ocr_page' id='page_1' title='image "./aburbeconditalib04livyuoft_0077.png"; bbox 0 0 1804 2926; ppageno 0'>
   <div class='ocr_carea' id='block_1_1' title="bbox 506 166 1541 215">
    <p class='ocr_par' dir='ltr' id='par_1_1' title="bbox 506 166 1541 215">
     <span class='ocr_line' id='line_1_1' title="bbox 506 166 1541 215; baseline -0.001 -10"><span class='ocrx_word' id='word_1_1' title='bbox 506 172 659 206; x_wconf 80' lang='lat' dir='ltr'>LIBER</span> <span class='ocrx_word' id='word_1_2' title='bbox 684 171 870 214; x_wconf 83' lang='lat' dir='ltr'>XXXXI,</span> <span class='ocrx_word' id='word_1_3' title='bbox 897 172 928 204; x_wconf 73' lang='lat'>2.</span> <span class='ocrx_word' id='word_1_4' title='bbox 950 172 981 205; x_wconf 79' lang='lat'>3.</span> <span class='ocrx_word' id='word_1_5' title='bbox 1011 174 1059 214; x_wconf 87' lang='lat' dir='ltr'>[a.</span> <span class='ocrx_word' id='word_1_6' title='bbox 1075 171 1114 206; x_wconf 86' lang='lat' dir='ltr'>C.</span> <span class='ocrx_word' id='word_1_7' title='bbox 1131 173 1210 215; x_wconf 69' lang='lat'>178]</span> <span class='ocrx_word' id='word_1_8' title='bbox 1515 166 1541 204; x_wconf 67' lang='grc' dir='ltr'><strong>ὃ</strong></span> 
     </span>
    </p>
   </div>
   <div class='ocr_carea' id='block_1_2' title="bbox 184 273 1547 2633">
    <p class='ocr_par' dir='ltr' id='par_1_2' title="bbox 184 273 1545 1638">
     <span class='ocr_line' id='line_1_2' title="bbox 186 273 1544 323; baseline -0.001 -5"><span class='ocrx_word' id='word_1_9' title='bbox 186 276 288 318; x_wconf 85' lang='lat' dir='ltr'>alios</span> <span class='ocrx_word' id='word_1_10' title='bbox 311 276 517 317; x_wconf 88' lang='lat' dir='ltr'>incertum</span> <span class='ocrx_word' id='word_1_11' title='bbox 542 274 718 323; x_wconf 86' lang='lat' dir='ltr'>fecerat,</span> <span class='ocrx_word' id='word_1_12' title='bbox 743 289 796 314; x_wconf 90' lang='lat' dir='ltr'>an</span> <span class='ocrx_word' id='word_1_13' title='bbox 822 273 953 314; x_wconf 91' lang='lat' dir='ltr'>hostis</span> <span class='ocrx_word' id='word_1_14' title='bbox 978 274 1088 315; x_wconf 89' lang='lat' dir='ltr'>intra</span> <span class='ocrx_word' id='word_1_15' title='bbox 1113 275 1271 315; x_wconf 82' lang='lat' dir='ltr'>vallum</span> <span class='ocrx_word' id='word_1_16' title='bbox 1297 284 1418 317; x_wconf 86' lang='lat' dir='ltr'>esset.</span> <span class='ocrx_word' id='word_1_17' title='bbox 1461 291 1544 316; x_wconf 89' lang='lat' dir='ltr'>una</span> 
     </span>
     <span class='ocr_line' id='line_1_3' title="bbox 186 336 1543 385; baseline -0.001 -6"><span class='ocrx_word' id='word_1_18' title='bbox 186 353 268 379; x_wconf 85' lang='lat' dir='ltr'>vox</span> <span class='ocrx_word' id='word_1_19' title='bbox 297 337 547 378; x_wconf 82' lang='lat' dir='ltr'>audiebatur</span> <span class='ocrx_word' id='word_1_20' title='bbox 577 336 631 377; x_wconf 88' lang='lat' dir='ltr'>ad</span> <span class='ocrx_word' id='word_1_21' title='bbox 661 351 776 377; x_wconf 88' lang='lat' dir='ltr'>mare</span> <span class='ocrx_word' id='word_1_22' title='bbox 800 336 1062 385; x_wconf 83' lang='lat' dir='ltr'>vocantium3</span> <span class='ocrx_word' id='word_1_23' title='bbox 1094 336 1137 376; x_wconf 93' lang='lat' dir='ltr'>id</span> <span class='ocrx_word' id='word_1_24' title='bbox 1170 337 1276 378; x_wconf 87' lang='lat' dir='ltr'>forte</span> <span class='ocrx_word' id='word_1_25' title='bbox 1308 346 1463 379; x_wconf 87' lang='lat' dir='ltr'>temere</span> <span class='ocrx_word' id='word_1_26' title='bbox 1490 337 1543 378; x_wconf 88' lang='lat' dir='ltr'>ab</span> 
     </span>
     <span class='ocr_line' id='line_1_4' title="bbox 184 398 1542 453; baseline -0.001 -12"><span class='ocrx_word' id='word_1_27' title='bbox 184 414 268 441; x_wconf 91' lang='lat' dir='ltr'>uno</span> <span class='ocrx_word' id='word_1_28' title='bbox 294 400 574 440; x_wconf 81' lang='lat' dir='ltr'>exclamatum</span> <span class='ocrx_word' id='word_1_29' title='bbox 599 398 695 439; x_wconf 86' lang='lat' dir='ltr'>totis</span> <span class='ocrx_word' id='word_1_30' title='bbox 720 398 877 452; x_wconf 87' lang='lat' dir='ltr'>passim</span> <span class='ocrx_word' id='word_1_31' title='bbox 901 399 1155 452; x_wconf 79' lang='lat' dir='ltr'>personabat</span> <span class='ocrx_word' id='word_1_32' title='bbox 1180 400 1338 440; x_wconf 86' lang='lat' dir='ltr'>eastris.</span> <span class='ocrx_word' id='word_1_33' title='bbox 1399 400 1542 453; x_wconf 86' lang='lat' dir='ltr'>itaque</span> 
     </span>
     <span class='ocr_line' id='line_1_5' title="bbox 185 458 1545 517; baseline 0 -15"><span class='ocrx_word' id='word_1_34' title='bbox 185 461 319 517; x_wconf 88' lang='lat' dir='ltr'>primo</span> <span class='ocrx_word' id='word_1_35' title='bbox 344 461 459 502; x_wconf 87' lang='lat' dir='ltr'>velut</span> <span class='ocrx_word' id='word_1_36' title='bbox 482 460 585 501; x_wconf 87' lang='lat' dir='ltr'>iussi</span> <span class='ocrx_word' id='word_1_37' title='bbox 609 460 653 500; x_wconf 89' lang='lat' dir='ltr'>id</span> <span class='ocrx_word' id='word_1_38' title='bbox 676 460 815 501; x_wconf 86' lang='lat' dir='ltr'>facere</span> <span class='ocrx_word' id='word_1_39' title='bbox 837 460 962 514; x_wconf 89' lang='lat' dir='ltr'>pauci</span> <span class='ocrx_word' id='word_1_40' title='bbox 983 458 1183 515; x_wconf 86' lang='lat' dir='ltr'>(armati),</span> <span class='ocrx_word' id='word_1_41' title='bbox 1210 461 1341 501; x_wconf 87' lang='lat' dir='ltr'>maior</span> <span class='ocrx_word' id='word_1_42' title='bbox 1361 476 1457 515; x_wconf 90' lang='lat' dir='ltr'>pars</span> <span class='ocrx_word' id='word_1_43' title='bbox 1483 462 1545 502; x_wconf 91' lang='lat' dir='ltr'>in-</span> 
     </span>
     <span class='ocr_line' id='line_1_6' title="bbox 186 523 1544 578; baseline 0 -13"><span class='ocrx_word' id='word_1_44' title='bbox 186 538 340 573; x_wconf 86' lang='lat' dir='ltr'>ermes,</span> <span class='ocrx_word' id='word_1_45' title='bbox 372 524 426 564; x_wconf 87' lang='lat' dir='ltr'>ad</span> <span class='ocrx_word' id='word_1_46' title='bbox 450 538 564 565; x_wconf 85' lang='lat' dir='ltr'>mare</span> <span class='ocrx_word' id='word_1_47' title='bbox 591 523 816 564; x_wconf 81' lang='lat' dir='ltr'>decurrunt</span> <span class='ocrx_word' id='word_1_48' title='bbox 825 539 835 572; x_wconf 80' lang='lat'><em>3</em></span> <span class='ocrx_word' id='word_1_49' title='bbox 868 523 963 564; x_wconf 86' lang='lat' dir='ltr'>dein</span> <span class='ocrx_word' id='word_1_50' title='bbox 988 524 1149 577; x_wconf 84' lang='lat' dir='ltr'>plures,</span> <span class='ocrx_word' id='word_1_51' title='bbox 1179 532 1389 578; x_wconf 89' lang='lat' dir='ltr'>postremo</span> <span class='ocrx_word' id='word_1_52' title='bbox 1416 539 1544 578; x_wconf 87' lang='lat' dir='ltr'>prope</span> 
     </span>
     <span class='ocr_line' id='line_1_7' title="bbox 186 585 1543 641; baseline -0.001 -13"><span class='ocrx_word' id='word_1_53' title='bbox 186 601 352 635; x_wconf 87' lang='lat' dir='ltr'>omnes,</span> <span class='ocrx_word' id='word_1_54' title='bbox 388 594 429 628; x_wconf 87' lang='lat' dir='ltr'>et</span> <span class='ocrx_word' id='word_1_55' title='bbox 465 586 556 641; x_wconf 86' lang='lat' dir='ltr'>ipse</span> <span class='ocrx_word' id='word_1_56' title='bbox 587 586 754 635; x_wconf 86' lang='lat' dir='ltr'>consul,</span> <span class='ocrx_word' id='word_1_57' title='bbox 792 600 888 627; x_wconf 89' lang='grc'><strong>011111</strong></span> <span class='ocrx_word' id='word_1_58' title='bbox 919 585 1075 627; x_wconf 86' lang='lat' dir='ltr'>frustra</span> <span class='ocrx_word' id='word_1_59' title='bbox 1104 601 1302 628; x_wconf 78' lang='lat' dir='ltr'>revocare</span> <span class='ocrx_word' id='word_1_60' title='bbox 1333 587 1543 641; x_wconf 80' lang='lat' dir='ltr'>fugientes</span> 
     </span>
     <span class='ocr_line' id='line_1_8' title="bbox 187 649 1545 703; baseline -0.001 -12"><span class='ocrx_word' id='word_1_61' title='bbox 187 657 360 692; x_wconf 86' lang='lat' dir='ltr'>conatus</span> <span class='ocrx_word' id='word_1_62' title='bbox 385 664 463 690; x_wconf 89' lang='lat' dir='ltr'>nec</span> <span class='ocrx_word' id='word_1_63' title='bbox 493 649 667 703; x_wconf 88' lang='lat' dir='ltr'>imperio</span> <span class='ocrx_word' id='word_1_64' title='bbox 692 663 769 689; x_wconf 88' lang='grc'><strong>1100</strong></span> <span class='ocrx_word' id='word_1_65' title='bbox 795 649 1042 690; x_wconf 88' lang='lat' dir='ltr'>auctoritate</span> <span class='ocrx_word' id='word_1_66' title='bbox 1066 664 1144 690; x_wconf 87' lang='lat' dir='ltr'>nec</span> <span class='ocrx_word' id='word_1_67' title='bbox 1173 649 1368 703; x_wconf 79' lang='lat' dir='ltr'>precibus</span> <span class='ocrx_word' id='word_1_68' title='bbox 1394 650 1447 690; x_wconf 87' lang='lat' dir='ltr'>ad</span> <span class='ocrx_word' id='word_1_69' title='bbox 1473 665 1545 690; x_wconf 89' lang='lat' dir='ltr'>ex-</span> 
     </span>
     <span class='ocr_line' id='line_1_9' title="bbox 186 711 1543 759; baseline -0.001 -7"><span class='ocrx_word' id='word_1_70' title='bbox 186 720 366 753; x_wconf 87' lang='lat' dir='ltr'>tremum</span> <span class='ocrx_word' id='word_1_71' title='bbox 396 711 607 752; x_wconf 87' lang='lat' dir='ltr'>valuisset.</span> <span class='ocrx_word' id='word_1_72' title='bbox 673 726 782 751; x_wconf 89' lang='lat' dir='ltr'>unus</span> <span class='ocrx_word' id='word_1_73' title='bbox 821 711 1022 752; x_wconf 77' lang='lat' dir='ltr'>remansit</span> <span class='ocrx_word' id='word_1_74' title='bbox 1052 711 1116 752; x_wconf 89' lang='lat' dir='ltr'>M.</span> <span class='ocrx_word' id='word_1_75' title='bbox 1149 711 1341 752; x_wconf 89' lang='lat' dir='ltr'>Licinius</span> <span class='ocrx_word' id='word_1_76' title='bbox 1376 711 1543 759; x_wconf 80' lang='lat' dir='ltr'>Strabo,</span> 
     </span>
     <span class='ocr_line' id='line_1_10' title="bbox 188 773 1544 829; baseline 0 -16"><span class='ocrx_word' id='word_1_77' title='bbox 188 774 379 814; x_wconf 89' lang='lat' dir='ltr'>tribunus</span> <span class='ocrx_word' id='word_1_78' title='bbox 412 773 592 814; x_wconf 86' lang='lat' dir='ltr'>militum</span> <span class='ocrx_word' id='word_1_79' title='bbox 622 773 767 814; x_wconf 88' lang='lat' dir='ltr'>tertiae</span> <span class='ocrx_word' id='word_1_80' title='bbox 799 773 996 828; x_wconf 75' lang='lat' dir='ltr'>legionis,</span> <span class='ocrx_word' id='word_1_81' title='bbox 1035 788 1130 814; x_wconf 88' lang='lat' dir='ltr'>cum</span> <span class='ocrx_word' id='word_1_82' title='bbox 1164 773 1296 814; x_wconf 87' lang='lat' dir='ltr'>tribus</span> <span class='ocrx_word' id='word_1_83' title='bbox 1329 774 1458 829; x_wconf 86' lang='lat' dir='ltr'>signis</span> <span class='ocrx_word' id='word_1_84' title='bbox 1491 774 1544 814; x_wconf 85' lang='lat' dir='ltr'>ab</span> 
     </span>
     <span class='ocr_line' id='line_1_11' title="bbox 185 835 1543 890; baseline -0.001 -13"><span class='ocrx_word' id='word_1_85' title='bbox 185 836 350 890; x_wconf 83' lang='lat' dir='ltr'>legione</span> <span class='ocrx_word' id='word_1_86' title='bbox 376 851 452 877; x_wconf 89' lang='lat' dir='ltr'>sua</span> <span class='ocrx_word' id='word_1_87' title='bbox 476 835 658 876; x_wconf 87' lang='lat' dir='ltr'>relictus.</span> <span class='ocrx_word' id='word_1_88' title='bbox 718 835 830 876; x_wconf 84' lang='grc'><strong>1111110</strong></span> <span class='ocrx_word' id='word_1_89' title='bbox 862 836 905 876; x_wconf 84' lang='grc'>111</span> <span class='ocrx_word' id='word_1_90' title='bbox 930 850 1064 876; x_wconf 80' lang='lat' dir='ltr'>vacua</span> <span class='ocrx_word' id='word_1_91' title='bbox 1089 844 1224 876; x_wconf 89' lang='lat' dir='ltr'>castra</span> <span class='ocrx_word' id='word_1_92' title='bbox 1248 836 1408 890; x_wconf 88' lang='lat' dir='ltr'>impetu</span> <span class='ocrx_word' id='word_1_93' title='bbox 1432 836 1543 877; x_wconf 88' lang='lat' dir='ltr'>facto</span> 
     </span>
     <span class='ocr_line' id='line_1_12' title="bbox 187 898 1544 953; baseline -0.001 -14"><span class='ocrx_word' id='word_1_94' title='bbox 187 898 335 947; x_wconf 81' lang='lat' dir='ltr'>Histri,</span> <span class='ocrx_word' id='word_1_95' title='bbox 361 913 456 940; x_wconf 89' lang='grc'><strong>011111</strong></span> <span class='ocrx_word' id='word_1_96' title='bbox 482 898 587 939; x_wconf 90' lang='lat' dir='ltr'>alius</span> <span class='ocrx_word' id='word_1_97' title='bbox 609 906 792 939; x_wconf 88' lang='lat' dir='ltr'>armatus</span> <span class='ocrx_word' id='word_1_98' title='bbox 812 898 861 939; x_wconf 88' lang='lat' dir='ltr'>iis</span> <span class='ocrx_word' id='word_1_99' title='bbox 882 913 1004 939; x_wconf 90' lang='lat' dir='ltr'>nemo</span> <span class='ocrx_word' id='word_1_100' title='bbox 1024 898 1193 938; x_wconf 81' lang='lat' dir='ltr'>obviam</span> <span class='ocrx_word' id='word_1_101' title='bbox 1217 898 1329 947; x_wconf 87' lang='lat' dir='ltr'>isset,</span> <span class='ocrx_word' id='word_1_102' title='bbox 1355 898 1398 938; x_wconf 90' lang='lat' dir='ltr'>in</span> <span class='ocrx_word' id='word_1_103' title='bbox 1424 912 1544 953; x_wconf 85' lang='lat' dir='ltr'>prae-</span> 
     </span>
     <span class='ocr_line' id='line_1_13' title="bbox 187 959 1542 1015; baseline -0.001 -14"><span class='ocrx_word' id='word_1_104' title='bbox 187 961 292 1001; x_wconf 88' lang='lat' dir='ltr'>torio</span> <span class='ocrx_word' id='word_1_105' title='bbox 317 961 591 1001; x_wconf 80' lang='lat' dir='ltr'>instruentem</span> <span class='ocrx_word' id='word_1_106' title='bbox 622 968 747 1013; x_wconf 89' lang='lat' dir='ltr'>atque</span> <span class='ocrx_word' id='word_1_107' title='bbox 780 959 1072 1001; x_wconf 80' lang='lat' dir='ltr'>adhortantem</span> <span class='ocrx_word' id='word_1_108' title='bbox 1103 975 1200 1001; x_wconf 91' lang='lat' dir='ltr'>suos</span> <span class='ocrx_word' id='word_1_109' title='bbox 1233 961 1542 1015; x_wconf 84' lang='lat' dir='ltr'>obpresserunt.</span> 
     </span>
     <span class='ocr_line' id='line_1_14' title="bbox 186 1022 1543 1077; baseline -0.001 -14"><span class='ocrx_word' id='word_1_110' title='bbox 186 1023 391 1077; x_wconf 89' lang='lat' dir='ltr'>proelium</span> <span class='ocrx_word' id='word_1_111' title='bbox 422 1022 603 1063; x_wconf 86' lang='lat' dir='ltr'>atrocius</span> <span class='ocrx_word' id='word_1_112' title='bbox 637 1036 764 1075; x_wconf 89' lang='lat' dir='ltr'>quam</span> <span class='ocrx_word' id='word_1_113' title='bbox 795 1036 870 1077; x_wconf 88' lang='lat' dir='ltr'>pro</span> <span class='ocrx_word' id='word_1_114' title='bbox 901 1023 1113 1076; x_wconf 81' lang='lat' dir='ltr'>paucitate</span> <span class='ocrx_word' id='word_1_115' title='bbox 1143 1023 1426 1064; x_wconf 84' lang='lat' dir='ltr'>resistentium</span> <span class='ocrx_word' id='word_1_116' title='bbox 1450 1022 1543 1070; x_wconf 85' lang='lat' dir='ltr'>fuit,</span> 
     </span>
     <span class='ocr_line' id='line_1_15' title="bbox 188 1085 1545 1138; baseline -0.001 -12"><span class='ocrx_word' id='word_1_117' title='bbox 188 1100 265 1126; x_wconf 88' lang='lat' dir='ltr'>nec</span> <span class='ocrx_word' id='word_1_118' title='bbox 290 1093 386 1126; x_wconf 91' lang='lat' dir='ltr'>ante</span> <span class='ocrx_word' id='word_1_119' title='bbox 411 1085 574 1125; x_wconf 89' lang='lat' dir='ltr'>finitum</span> <span class='ocrx_word' id='word_1_120' title='bbox 600 1094 660 1125; x_wconf 83' lang='lat' dir='ltr'>est</span> <span class='ocrx_word' id='word_1_121' title='bbox 682 1099 809 1138; x_wconf 88' lang='lat' dir='ltr'>quam</span> <span class='ocrx_word' id='word_1_122' title='bbox 829 1085 1020 1125; x_wconf 89' lang='lat' dir='ltr'>tribunus</span> <span class='ocrx_word' id='word_1_123' title='bbox 1046 1085 1226 1126; x_wconf 88' lang='lat' dir='ltr'>militum</span> <span class='ocrx_word' id='word_1_124' title='bbox 1252 1085 1409 1138; x_wconf 88' lang='lat' dir='ltr'>quique</span> <span class='ocrx_word' id='word_1_125' title='bbox 1434 1085 1545 1127; x_wconf 79' lang='lat' dir='ltr'>circa</span> 
     </span>
     <span class='ocr_line' id='line_1_16' title="bbox 188 1147 1545 1202; baseline 0 -14"><span class='ocrx_word' id='word_1_126' title='bbox 188 1163 285 1189; x_wconf 90' lang='lat' dir='ltr'>eum</span> <span class='ocrx_word' id='word_1_127' title='bbox 310 1148 579 1189; x_wconf 85' lang='lat' dir='ltr'>constiterant</span> <span class='ocrx_word' id='word_1_128' title='bbox 602 1147 811 1188; x_wconf 87' lang='lat' dir='ltr'>interfecti</span> <span class='ocrx_word' id='word_1_129' title='bbox 836 1157 944 1188; x_wconf 86' lang='lat' dir='ltr'>sunt.</span> <span class='ocrx_word' id='word_1_130' title='bbox 1004 1148 1211 1202; x_wconf 88' lang='lat' dir='ltr'>praetorio</span> <span class='ocrx_word' id='word_1_131' title='bbox 1238 1147 1411 1196; x_wconf 83' lang='lat' dir='ltr'>deiecto,</span> <span class='ocrx_word' id='word_1_132' title='bbox 1437 1147 1545 1188; x_wconf 88' lang='lat' dir='ltr'>dire-</span> 
     </span>
     <span class='ocr_line' id='line_1_17' title="bbox 187 1209 1545 1264; baseline -0.001 -14"><span class='ocrx_word' id='word_1_133' title='bbox 187 1210 268 1264; x_wconf 85' lang='lat' dir='ltr'>ptis</span> <span class='ocrx_word' id='word_1_134' title='bbox 293 1224 401 1262; x_wconf 87' lang='lat' dir='ltr'>quae</span> <span class='ocrx_word' id='word_1_135' title='bbox 426 1209 485 1249; x_wconf 90' lang='lat' dir='ltr'>ibi</span> <span class='ocrx_word' id='word_1_136' title='bbox 509 1209 697 1257; x_wconf 84' lang='lat' dir='ltr'>fuerunt,</span> <span class='ocrx_word' id='word_1_137' title='bbox 730 1209 783 1250; x_wconf 88' lang='lat' dir='ltr'>ad</span> <span class='ocrx_word' id='word_1_138' title='bbox 808 1209 1092 1262; x_wconf 90' lang='lat' dir='ltr'>quaestorium</span> <span class='ocrx_word' id='word_1_139' title='bbox 1116 1209 1255 1249; x_wconf 86' lang='lat' dir='ltr'>forum</span> <span class='ocrx_word' id='word_1_140' title='bbox 1281 1209 1545 1262; x_wconf 89' lang='lat' dir='ltr'>quintanam-</span> 
     </span>
     <span class='ocr_line' id='line_1_18' title="bbox 186 1271 1543 1326; baseline -0.001 -14"><span class='ocrx_word' id='word_1_141' title='bbox 186 1286 267 1325; x_wconf 89' lang='lat' dir='ltr'>que</span> <span class='ocrx_word' id='word_1_142' title='bbox 292 1272 431 1312; x_wconf 86' lang='lat' dir='ltr'>hostes</span> <span class='ocrx_word' id='word_1_143' title='bbox 457 1279 749 1326; x_wconf 85' lang='lat' dir='ltr'>pervenerunt.</span> <span class='ocrx_word' id='word_1_144' title='bbox 786 1271 845 1311; x_wconf 91' lang='lat' dir='ltr'>ibi</span> <span class='ocrx_word' id='word_1_145' title='bbox 869 1286 965 1312; x_wconf 82' lang='lat' dir='ltr'>culn</span> <span class='ocrx_word' id='word_1_146' title='bbox 986 1271 1175 1312; x_wconf 87' lang='lat' dir='ltr'>omnium</span> <span class='ocrx_word' id='word_1_147' title='bbox 1194 1286 1333 1312; x_wconf 89' lang='lat' dir='ltr'>rerum</span> <span class='ocrx_word' id='word_1_148' title='bbox 1354 1279 1543 1325; x_wconf 88' lang='lat' dir='ltr'>paratam</span> 
     </span>
     <span class='ocr_line' id='line_1_19' title="bbox 187 1333 1544 1388; baseline -0.001 -14"><span class='ocrx_word' id='word_1_149' title='bbox 187 1334 503 1388; x_wconf 77' lang='lat' dir='ltr'>expositamque</span> <span class='ocrx_word' id='word_1_150' title='bbox 535 1333 698 1388; x_wconf 88' lang='lat' dir='ltr'>copiam</span> <span class='ocrx_word' id='word_1_151' title='bbox 731 1340 771 1373; x_wconf 87' lang='lat' dir='ltr'>ct</span> <span class='ocrx_word' id='word_1_152' title='bbox 804 1340 954 1373; x_wconf 86' lang='lat' dir='ltr'>stratos</span> <span class='ocrx_word' id='word_1_153' title='bbox 985 1333 1114 1374; x_wconf 89' lang='lat' dir='ltr'>lectos</span> <span class='ocrx_word' id='word_1_154' title='bbox 1145 1333 1188 1373; x_wconf 91' lang='lat' dir='ltr'>in</span> <span class='ocrx_word' id='word_1_155' title='bbox 1219 1333 1456 1386; x_wconf 83' lang='lat' dir='ltr'>quaestorio</span> <span class='ocrx_word' id='word_1_156' title='bbox 1481 1333 1544 1372; x_wconf 89' lang='lat' dir='ltr'>in-</span> 
     </span>
     <span class='ocr_line' id='line_1_20' title="bbox 186 1395 1543 1450; baseline -0.001 -13"><span class='ocrx_word' id='word_1_157' title='bbox 186 1396 414 1444; x_wconf 84' lang='lat' dir='ltr'>venissent,</span> <span class='ocrx_word' id='word_1_158' title='bbox 452 1396 623 1450; x_wconf 88' lang='lat' dir='ltr'>regulus</span> <span class='ocrx_word' id='word_1_159' title='bbox 655 1395 866 1436; x_wconf 87' lang='lat' dir='ltr'>accubans</span> <span class='ocrx_word' id='word_1_160' title='bbox 898 1396 1060 1450; x_wconf 86' lang='lat' dir='ltr'>epulari</span> <span class='ocrx_word' id='word_1_161' title='bbox 1093 1395 1242 1450; x_wconf 88' lang='lat' dir='ltr'>coepit.</span> <span class='ocrx_word' id='word_1_162' title='bbox 1303 1410 1401 1436; x_wconf 87' lang='lat' dir='ltr'>mox</span> <span class='ocrx_word' id='word_1_163' title='bbox 1433 1395 1543 1436; x_wconf 88' lang='lat' dir='ltr'>idem</span> 
     </span>
     <span class='ocr_line' id='line_1_21' title="bbox 186 1457 1543 1512; baseline -0.001 -12"><span class='ocrx_word' id='word_1_164' title='bbox 186 1459 311 1500; x_wconf 80' lang='lat' dir='ltr'>ceteri</span> <span class='ocrx_word' id='word_1_165' title='bbox 336 1473 497 1507; x_wconf 85' lang='lat' dir='ltr'>omnes,</span> <span class='ocrx_word' id='word_1_166' title='bbox 524 1473 735 1499; x_wconf 88' lang='lat' dir='ltr'>armorum</span> <span class='ocrx_word' id='word_1_167' title='bbox 760 1458 1027 1512; x_wconf 86' lang='lat' dir='ltr'>hostiumque</span> <span class='ocrx_word' id='word_1_168' title='bbox 1053 1458 1187 1505; x_wconf 91' lang='lat' dir='ltr'>obliti,</span> <span class='ocrx_word' id='word_1_169' title='bbox 1221 1457 1383 1498; x_wconf 83' lang='lat' dir='ltr'>faciunt</span> <span class='ocrx_word' id='word_1_170' title='bbox 1408 1465 1465 1505; x_wconf 86' lang='lat' dir='ltr'>et,</span> <span class='ocrx_word' id='word_1_171' title='bbox 1499 1466 1543 1498; x_wconf 87' lang='lat' dir='ltr'>ut</span> 
     </span>
     <span class='ocr_line' id='line_1_22' title="bbox 185 1519 1545 1574; baseline -0.001 -13"><span class='ocrx_word' id='word_1_172' title='bbox 185 1521 338 1574; x_wconf 89' lang='lat' dir='ltr'>quibus</span> <span class='ocrx_word' id='word_1_173' title='bbox 363 1521 551 1561; x_wconf 87' lang='lat' dir='ltr'>insuetus</span> <span class='ocrx_word' id='word_1_174' title='bbox 577 1521 787 1562; x_wconf 87' lang='lat' dir='ltr'>liberalior</span> <span class='ocrx_word' id='word_1_175' title='bbox 811 1521 945 1562; x_wconf 77' lang='lat' dir='ltr'>victus</span> <span class='ocrx_word' id='word_1_176' title='bbox 972 1530 1094 1569; x_wconf 87' lang='lat' dir='ltr'>esset,</span> <span class='ocrx_word' id='word_1_177' title='bbox 1121 1520 1284 1561; x_wconf 79' lang='lat' dir='ltr'>avidius</span> <span class='ocrx_word' id='word_1_178' title='bbox 1310 1520 1406 1560; x_wconf 86' lang='lat' dir='ltr'>vino</span> <span class='ocrx_word' id='word_1_179' title='bbox 1433 1519 1545 1560; x_wconf 89' lang='lat' dir='ltr'>cibo-</span> 
     </span>
     <span class='ocr_line' id='line_1_23' title="bbox 186 1592 679 1638; baseline 0 -14"><span class='ocrx_word' id='word_1_180' title='bbox 186 1598 268 1637; x_wconf 91' lang='lat' dir='ltr'>que</span> <span class='ocrx_word' id='word_1_181' title='bbox 294 1598 468 1638; x_wconf 87' lang='lat' dir='ltr'>corpora</span> <span class='ocrx_word' id='word_1_182' title='bbox 493 1592 679 1625; x_wconf 87' lang='lat' dir='ltr'>onerant.</span> 
     </span>
    </p>

    <p class='ocr_par' dir='ltr' id='par_1_3' title="bbox 187 1645 1547 2633">
     <span class='ocr_line' id='line_1_24' title="bbox 271 1645 1545 1700; baseline -0.001 -14"><span class='ocrx_word' id='word_1_183' title='bbox 271 1646 354 1686; x_wconf 83' lang='lat' dir='ltr'>HI.</span> <span class='ocrx_word' id='word_1_184' title='bbox 391 1646 671 1699; x_wconf 84' lang='lat' dir='ltr'>Nequaquam</span> <span class='ocrx_word' id='word_1_185' title='bbox 698 1645 846 1687; x_wconf 88' lang='lat' dir='ltr'>eadem</span> <span class='ocrx_word' id='word_1_186' title='bbox 872 1652 934 1686; x_wconf 88' lang='lat' dir='ltr'>est</span> <span class='ocrx_word' id='word_1_187' title='bbox 959 1653 1048 1686; x_wconf 91' lang='lat' dir='ltr'>tum</span> <span class='ocrx_word' id='word_1_188' title='bbox 1073 1646 1133 1687; x_wconf 89' lang='lat' dir='ltr'>rei</span> <span class='ocrx_word' id='word_1_189' title='bbox 1158 1645 1294 1686; x_wconf 86' lang='lat' dir='ltr'>forma</span> <span class='ocrx_word' id='word_1_190' title='bbox 1320 1645 1432 1700; x_wconf 87' lang='lat' dir='ltr'>apud</span> <span class='ocrx_word' id='word_1_191' title='bbox 1458 1645 1545 1686; x_wconf 79' lang='lat' dir='ltr'>Ro-</span> 
     </span>
     <span class='ocr_line' id='line_1_25' title="bbox 187 1708 1546 1762; baseline 0 -14"><span class='ocrx_word' id='word_1_192' title='bbox 187 1722 350 1757; x_wconf 83' lang='lat' dir='ltr'>manos3</span> <span class='ocrx_word' id='word_1_193' title='bbox 376 1715 499 1757; x_wconf 82' lang='lat' dir='ltr'>terra,</span> <span class='ocrx_word' id='word_1_194' title='bbox 526 1708 630 1748; x_wconf 84' lang='lat' dir='ltr'>mari</span> <span class='ocrx_word' id='word_1_195' title='bbox 656 1708 905 1762; x_wconf 57' lang='lat' dir='ltr'>trepidatum</span> <span class='ocrx_word' id='word_1_196' title='bbox 931 1709 1087 1749; x_wconf 87' lang='lat' dir='ltr'>nautici</span> <span class='ocrx_word' id='word_1_197' title='bbox 1113 1708 1384 1749; x_wconf 86' lang='lat' dir='ltr'>tabernacula</span> <span class='ocrx_word' id='word_1_198' title='bbox 1404 1708 1546 1750; x_wconf 86' lang='lat' dir='ltr'>deten-</span> 
     </span>
     <span class='ocr_line' id='line_1_26' title="bbox 189 1770 1545 1825; baseline 0 -15"><span class='ocrx_word' id='word_1_199' title='bbox 189 1771 292 1811; x_wconf 87' lang='lat' dir='ltr'>dunt</span> <span class='ocrx_word' id='word_1_200' title='bbox 312 1778 676 1824; x_wconf 85' lang='lat' dir='ltr'>commeatumque</span> <span class='ocrx_word' id='word_1_201' title='bbox 697 1771 739 1811; x_wconf 92' lang='lat' dir='ltr'>in</span> <span class='ocrx_word' id='word_1_202' title='bbox 757 1771 877 1812; x_wconf 90' lang='lat' dir='ltr'>litore</span> <span class='ocrx_word' id='word_1_203' title='bbox 897 1771 1134 1825; x_wconf 88' lang='lat' dir='ltr'>expositum</span> <span class='ocrx_word' id='word_1_204' title='bbox 1154 1771 1196 1811; x_wconf 89' lang='grc'>111</span> <span class='ocrx_word' id='word_1_205' title='bbox 1216 1786 1345 1812; x_wconf 79' lang='lat' dir='ltr'>naves</span> <span class='ocrx_word' id='word_1_206' title='bbox 1364 1770 1545 1824; x_wconf 86' lang='lat' dir='ltr'>rapiunt,</span> 
     </span>
     <span class='ocr_line' id='line_1_27' title="bbox 190 1832 1544 1886; baseline 0.001 -13"><span class='ocrx_word' id='word_1_207' title='bbox 190 1833 337 1873; x_wconf 86' lang='lat' dir='ltr'>milites</span> <span class='ocrx_word' id='word_1_208' title='bbox 362 1832 403 1872; x_wconf 88' lang='lat' dir='ltr'>in</span> <span class='ocrx_word' id='word_1_209' title='bbox 430 1832 605 1886; x_wconf 80' lang='lat' dir='ltr'>scaphas</span> <span class='ocrx_word' id='word_1_210' title='bbox 632 1840 672 1874; x_wconf 82' lang='lat' dir='ltr'>et</span> <span class='ocrx_word' id='word_1_211' title='bbox 696 1848 810 1874; x_wconf 89' lang='lat' dir='ltr'>mare</span> <span class='ocrx_word' id='word_1_212' title='bbox 837 1833 966 1874; x_wconf 86' lang='lat' dir='ltr'>territi</span> <span class='ocrx_word' id='word_1_213' title='bbox 990 1841 1135 1881; x_wconf 89' lang='lat' dir='ltr'>ruunt,</span> <span class='ocrx_word' id='word_1_214' title='bbox 1161 1842 1314 1874; x_wconf 89' lang='lat' dir='ltr'>nautae</span> <span class='ocrx_word' id='word_1_215' title='bbox 1340 1842 1467 1881; x_wconf 86' lang='lat' dir='ltr'>metu,</span> <span class='ocrx_word' id='word_1_216' title='bbox 1493 1848 1544 1874; x_wconf 89' lang='lat' dir='ltr'>ne</span> 
     </span>
     <span class='ocr_line' id='line_1_28' title="bbox 189 1895 1545 1949; baseline 0 -13"><span class='ocrx_word' id='word_1_217' title='bbox 189 1895 476 1948; x_wconf 83' lang='lat' dir='ltr'>compleantur</span> <span class='ocrx_word' id='word_1_218' title='bbox 499 1895 686 1949; x_wconf 73' lang='lat' dir='ltr'>navigia,</span> <span class='ocrx_word' id='word_1_219' title='bbox 720 1895 790 1935; x_wconf 89' lang='lat' dir='ltr'>alii</span> <span class='ocrx_word' id='word_1_220' title='bbox 820 1896 967 1936; x_wconf 84' lang='lat' dir='ltr'>turbae</span> <span class='ocrx_word' id='word_1_221' title='bbox 993 1895 1221 1944; x_wconf 87' lang='lat' dir='ltr'>obsistunt,</span> <span class='ocrx_word' id='word_1_222' title='bbox 1253 1895 1323 1935; x_wconf 89' lang='lat' dir='ltr'>alii</span> <span class='ocrx_word' id='word_1_223' title='bbox 1348 1895 1401 1935; x_wconf 88' lang='lat' dir='ltr'>ab</span> <span class='ocrx_word' id='word_1_224' title='bbox 1425 1895 1545 1936; x_wconf 85' lang='lat' dir='ltr'>litore</span> 
     </span>
     <span class='ocr_line' id='line_1_29' title="bbox 188 1957 1545 2011; baseline 0 -14"><span class='ocrx_word' id='word_1_225' title='bbox 188 1972 316 1997; x_wconf 89' lang='lat' dir='ltr'>naves</span> <span class='ocrx_word' id='word_1_226' title='bbox 336 1957 379 1996; x_wconf 92' lang='lat' dir='ltr'>in</span> <span class='ocrx_word' id='word_1_227' title='bbox 393 1957 523 1996; x_wconf 86' lang='lat' dir='ltr'>altum</span> <span class='ocrx_word' id='word_1_228' title='bbox 537 1958 763 2010; x_wconf 86' lang='lat' dir='ltr'>expellunt.</span> <span class='ocrx_word' id='word_1_229' title='bbox 801 1957 898 1998; x_wconf 90' lang='lat' dir='ltr'>inde</span> <span class='ocrx_word' id='word_1_230' title='bbox 913 1965 1135 2006; x_wconf 87' lang='lat' dir='ltr'>certamen,</span> <span class='ocrx_word' id='word_1_231' title='bbox 1148 1972 1247 1997; x_wconf 89' lang='lat' dir='ltr'>mox</span> <span class='ocrx_word' id='word_1_232' title='bbox 1263 1957 1387 1998; x_wconf 89' lang='lat' dir='ltr'>etiam</span> <span class='ocrx_word' id='word_1_233' title='bbox 1402 1972 1545 2011; x_wconf 89' lang='lat' dir='ltr'>pugna</span> 
     </span>
     <span class='ocr_line' id='line_1_30' title="bbox 190 2018 1545 2071; baseline -0.001 -11"><span class='ocrx_word' id='word_1_234' title='bbox 190 2034 286 2060; x_wconf 85' lang='lat' dir='ltr'>cum</span> <span class='ocrx_word' id='word_1_235' title='bbox 314 2018 557 2059; x_wconf 75' lang='lat' dir='ltr'>vulneribus</span> <span class='ocrx_word' id='word_1_236' title='bbox 583 2027 624 2059; x_wconf 90' lang='lat' dir='ltr'>et</span> <span class='ocrx_word' id='word_1_237' title='bbox 649 2019 776 2059; x_wconf 89' lang='lat' dir='ltr'>caede</span> <span class='ocrx_word' id='word_1_238' title='bbox 809 2019 851 2059; x_wconf 91' lang='lat' dir='ltr'>in</span> <span class='ocrx_word' id='word_1_239' title='bbox 876 2019 1009 2060; x_wconf 78' lang='lat' dir='ltr'>vicem</span> <span class='ocrx_word' id='word_1_240' title='bbox 1034 2020 1213 2059; x_wconf 87' lang='lat' dir='ltr'>militum</span> <span class='ocrx_word' id='word_1_241' title='bbox 1238 2027 1545 2071; x_wconf 87' lang='lat' dir='ltr'>nautarumque</span> 
     </span>
     <span class='ocr_line' id='line_1_31' title="bbox 190 2080 1546 2135; baseline 0.001 -15"><span class='ocrx_word' id='word_1_242' title='bbox 190 2081 338 2129; x_wconf 86' lang='lat' dir='ltr'>oritur,</span> <span class='ocrx_word' id='word_1_243' title='bbox 372 2081 504 2121; x_wconf 86' lang='lat' dir='ltr'>donec</span> <span class='ocrx_word' id='word_1_244' title='bbox 537 2080 654 2120; x_wconf 88' lang='lat' dir='ltr'>iussu</span> <span class='ocrx_word' id='word_1_245' title='bbox 687 2081 867 2121; x_wconf 89' lang='lat' dir='ltr'>consulis</span> <span class='ocrx_word' id='word_1_246' title='bbox 899 2081 1044 2135; x_wconf 88' lang='lat' dir='ltr'>procul</span> <span class='ocrx_word' id='word_1_247' title='bbox 1076 2096 1101 2121; x_wconf 87' lang='lat' dir='ltr'>a</span> <span class='ocrx_word' id='word_1_248' title='bbox 1131 2089 1242 2122; x_wconf 87' lang='lat' dir='ltr'>terra</span> <span class='ocrx_word' id='word_1_249' title='bbox 1273 2081 1416 2121; x_wconf 89' lang='lat' dir='ltr'>elassis</span> <span class='ocrx_word' id='word_1_250' title='bbox 1447 2081 1546 2121; x_wconf 89' lang='lat' dir='ltr'>sub-</span> 
     </span>
     <span class='ocr_line' id='line_1_32' title="bbox 192 2142 1545 2196; baseline 0 -13"><span class='ocrx_word' id='word_1_251' title='bbox 192 2151 303 2183; x_wconf 88' lang='lat' dir='ltr'>mota</span> <span class='ocrx_word' id='word_1_252' title='bbox 329 2150 403 2183; x_wconf 82' lang='lat' dir='ltr'>est.</span> <span class='ocrx_word' id='word_1_253' title='bbox 442 2157 656 2183; x_wconf 82' lang='lat' dir='ltr'>secernere</span> <span class='ocrx_word' id='word_1_254' title='bbox 681 2143 778 2183; x_wconf 92' lang='lat' dir='ltr'>inde</span> <span class='ocrx_word' id='word_1_255' title='bbox 803 2143 981 2184; x_wconf 87' lang='lat' dir='ltr'>inermes</span> <span class='ocrx_word' id='word_1_256' title='bbox 1008 2143 1060 2183; x_wconf 88' lang='lat' dir='ltr'>ab</span> <span class='ocrx_word' id='word_1_257' title='bbox 1087 2143 1255 2183; x_wconf 88' lang='lat' dir='ltr'>armatis</span> <span class='ocrx_word' id='word_1_258' title='bbox 1281 2142 1431 2196; x_wconf 89' lang='lat' dir='ltr'>coepit.</span> <span class='ocrx_word' id='word_1_259' title='bbox 1475 2143 1545 2183; x_wconf 80' lang='lat' dir='ltr'>vix</span> 
     </span>
     <span class='ocr_line' id='line_1_33' title="bbox 190 2205 1545 2259; baseline 0 -13"><span class='ocrx_word' id='word_1_260' title='bbox 190 2206 302 2247; x_wconf 89' lang='lat' dir='ltr'>mille</span> <span class='ocrx_word' id='word_1_261' title='bbox 335 2206 502 2247; x_wconf 89' lang='lat' dir='ltr'>ducenti</span> <span class='ocrx_word' id='word_1_262' title='bbox 528 2221 580 2247; x_wconf 90' lang='lat' dir='ltr'>ex</span> <span class='ocrx_word' id='word_1_263' title='bbox 610 2214 726 2246; x_wconf 87' lang='lat' dir='ltr'>tanta</span> <span class='ocrx_word' id='word_1_264' title='bbox 756 2206 1042 2255; x_wconf 86' lang='lat' dir='ltr'>multitudine,</span> <span class='ocrx_word' id='word_1_265' title='bbox 1081 2206 1152 2259; x_wconf 91' lang='lat' dir='ltr'>qui</span> <span class='ocrx_word' id='word_1_266' title='bbox 1184 2221 1299 2246; x_wconf 86' lang='lat' dir='ltr'>arma</span> <span class='ocrx_word' id='word_1_267' title='bbox 1329 2205 1545 2254; x_wconf 84' lang='lat' dir='ltr'>haberent,</span> 
     </span>
     <span class='ocr_line' id='line_1_34' title="bbox 192 2268 1545 2322; baseline 0 -14"><span class='ocrx_word' id='word_1_268' title='bbox 192 2268 389 2322; x_wconf 87' lang='lat' dir='ltr'>perpauci</span> <span class='ocrx_word' id='word_1_269' title='bbox 421 2268 602 2321; x_wconf 84' lang='lat' dir='ltr'>equites,</span> <span class='ocrx_word' id='word_1_270' title='bbox 640 2268 712 2321; x_wconf 88' lang='lat' dir='ltr'>qui</span> <span class='ocrx_word' id='word_1_271' title='bbox 745 2282 874 2321; x_wconf 88' lang='lat' dir='ltr'>equos</span> <span class='ocrx_word' id='word_1_272' title='bbox 912 2282 1055 2309; x_wconf 89' lang='lat' dir='ltr'>secum</span> <span class='ocrx_word' id='word_1_273' title='bbox 1091 2268 1351 2316; x_wconf 77' lang='lat' dir='ltr'>eduxissent,</span> <span class='ocrx_word' id='word_1_274' title='bbox 1388 2268 1545 2309; x_wconf 83' lang='lat' dir='ltr'>inventi</span> 
     </span>
     <span class='ocr_line' id='line_1_35' title="bbox 192 2330 1545 2384; baseline 0 -14"><span class='ocrx_word' id='word_1_275' title='bbox 192 2338 308 2378; x_wconf 84' lang='lat' dir='ltr'>sunt3</span> <span class='ocrx_word' id='word_1_276' title='bbox 345 2337 483 2370; x_wconf 89' lang='lat' dir='ltr'>cetera</span> <span class='ocrx_word' id='word_1_277' title='bbox 513 2330 711 2371; x_wconf 87' lang='lat' dir='ltr'>deformis</span> <span class='ocrx_word' id='word_1_278' title='bbox 743 2330 867 2370; x_wconf 88' lang='lat' dir='ltr'>turba</span> <span class='ocrx_word' id='word_1_279' title='bbox 897 2331 1011 2371; x_wconf 85' lang='lat' dir='ltr'>velut</span> <span class='ocrx_word' id='word_1_280' title='bbox 1040 2330 1220 2370; x_wconf 81' lang='lat' dir='ltr'>lixarum</span> <span class='ocrx_word' id='word_1_281' title='bbox 1253 2330 1545 2384; x_wconf 86' lang='lat' dir='ltr'>calonumque,</span> 
     </span>
     <span class='ocr_line' id='line_1_36' title="bbox 190 2391 1546 2446; baseline 0.001 -15"><span class='ocrx_word' id='word_1_282' title='bbox 190 2392 346 2446; x_wconf 85' lang='lat' dir='ltr'>praeda</span> <span class='ocrx_word' id='word_1_283' title='bbox 370 2392 457 2432; x_wconf 86' lang='lat' dir='ltr'>fere</span> <span class='ocrx_word' id='word_1_284' title='bbox 482 2392 636 2439; x_wconf 84' lang='lat' dir='ltr'>futura,</span> <span class='ocrx_word' id='word_1_285' title='bbox 664 2392 697 2432; x_wconf 84' lang='lat' dir='ltr'>si</span> <span class='ocrx_word' id='word_1_286' title='bbox 722 2392 820 2432; x_wconf 88' lang='lat' dir='ltr'>belli</span> <span class='ocrx_word' id='word_1_287' title='bbox 844 2391 982 2433; x_wconf 86' lang='lat' dir='ltr'>hostes</span> <span class='ocrx_word' id='word_1_288' title='bbox 1008 2392 1305 2433; x_wconf 83' lang='lat' dir='ltr'>meminissent.</span> <span class='ocrx_word' id='word_1_289' title='bbox 1350 2400 1449 2433; x_wconf 87' lang='lat' dir='ltr'>tunc</span> <span class='ocrx_word' id='word_1_290' title='bbox 1476 2392 1546 2434; x_wconf 88' lang='lat' dir='ltr'>de—</span> 
     </span>
     <span class='ocr_line' id='line_1_37' title="bbox 191 2453 1546 2508; baseline 0.001 -15"><span class='ocrx_word' id='word_1_291' title='bbox 191 2469 307 2493; x_wconf 90' lang='lat' dir='ltr'>mum</span> <span class='ocrx_word' id='word_1_292' title='bbox 333 2454 502 2494; x_wconf 87' lang='lat' dir='ltr'>nuntius</span> <span class='ocrx_word' id='word_1_293' title='bbox 529 2454 582 2494; x_wconf 89' lang='lat' dir='ltr'>ad</span> <span class='ocrx_word' id='word_1_294' title='bbox 607 2454 772 2495; x_wconf 85' lang='lat' dir='ltr'>tertiam</span> <span class='ocrx_word' id='word_1_295' title='bbox 795 2454 1003 2508; x_wconf 79' lang='lat' dir='ltr'>legionem</span> <span class='ocrx_word' id='word_1_296' title='bbox 1028 2455 1308 2496; x_wconf 80' lang='lat' dir='ltr'>revocandam</span> <span class='ocrx_word' id='word_1_297' title='bbox 1334 2462 1375 2496; x_wconf 86' lang='lat' dir='ltr'>et</span> <span class='ocrx_word' id='word_1_298' title='bbox 1401 2453 1546 2496; x_wconf 85' lang='lat' dir='ltr'>Gallo-</span> 
     </span>
     <span class='ocr_line' id='line_1_38' title="bbox 191 2516 1547 2570; baseline 0.001 -14"><span class='ocrx_word' id='word_1_299' title='bbox 191 2531 285 2556; x_wconf 88' lang='lat' dir='ltr'>rum</span> <span class='ocrx_word' id='word_1_300' title='bbox 320 2516 594 2570; x_wconf 84' lang='lat' dir='ltr'>praesidium,</span> <span class='ocrx_word' id='word_1_301' title='bbox 633 2524 674 2557; x_wconf 91' lang='lat' dir='ltr'>et</span> <span class='ocrx_word' id='word_1_302' title='bbox 709 2516 833 2557; x_wconf 88' lang='lat' dir='ltr'>simul</span> <span class='ocrx_word' id='word_1_303' title='bbox 870 2532 921 2558; x_wconf 85' lang='lat' dir='ltr'>ex</span> <span class='ocrx_word' id='word_1_304' title='bbox 958 2517 1151 2557; x_wconf 90' lang='lat' dir='ltr'>omnibus</span> <span class='ocrx_word' id='word_1_305' title='bbox 1187 2517 1289 2557; x_wconf 88' lang='lat' dir='ltr'>locis</span> <span class='ocrx_word' id='word_1_306' title='bbox 1322 2517 1375 2557; x_wconf 89' lang='lat' dir='ltr'>ad</span> <span class='ocrx_word' id='word_1_307' title='bbox 1412 2527 1547 2558; x_wconf 86' lang='lat' dir='ltr'>castra</span> 
     </span>
     <span class='ocr_line' id='line_1_39' title="bbox 192 2578 1545 2633; baseline 0.001 -15"><span class='ocrx_word' id='word_1_308' title='bbox 192 2578 430 2632; x_wconf 85' lang='lat' dir='ltr'>recipienda</span> <span class='ocrx_word' id='word_1_309' title='bbox 455 2578 788 2631; x_wconf 86' lang='lat' dir='ltr'>demendamque</span> <span class='ocrx_word' id='word_1_310' title='bbox 813 2578 1086 2633; x_wconf 81' lang='lat' dir='ltr'>ignominiam</span> <span class='ocrx_word' id='word_1_311' title='bbox 1107 2579 1233 2620; x_wconf 89' lang='lat' dir='ltr'>rediri</span> <span class='ocrx_word' id='word_1_312' title='bbox 1258 2586 1451 2633; x_wconf 83' lang='lat' dir='ltr'>coeptum</span> <span class='ocrx_word' id='word_1_313' title='bbox 1472 2587 1545 2621; x_wconf 90' lang='lat' dir='ltr'>est.</span> 
     </span>
    </p>
   </div>
   <div class='ocr_carea' id='block_1_3' title="bbox 1568 414 1587 443">
    <p class='ocr_par' dir='ltr' id='par_1_4' title="bbox 1568 414 1587 443">
     <span class='ocr_line' id='line_1_40' title="bbox 1568 414 1587 443; textangle 90"><span class='ocrx_word' id='word_1_314' title='bbox 1568 414 1587 443; x_wconf 69' lang='lat' dir='ltr'>CO</span> 
     </span>
    </p>
   </div>
   <div class='ocr_carea' id='block_1_4' title="bbox 1571 1034 1612 1064">
    <p class='ocr_par' dir='ltr' id='par_1_5' title="bbox 1571 1034 1612 1064">
     <span class='ocr_line' id='line_1_41' title="bbox 1571 1034 1612 1064; baseline 0.024 -1"><span class='ocrx_word' id='word_1_315' title='bbox 1571 1034 1612 1064; x_wconf 87' lang='lat'>10</span> 
     </span>
    </p>
   </div>
   <div class='ocr_carea' id='block_1_5' title="bbox 1572 1158 1610 1187">
    <p class='ocr_par' dir='ltr' id='par_1_6' title="bbox 1572 1158 1610 1187">
     <span class='ocr_line' id='line_1_42' title="bbox 1572 1158 1610 1187; baseline 0 0"><span class='ocrx_word' id='word_1_316' title='bbox 1572 1158 1610 1187; x_wconf 87' lang='lat'>11</span> 
     </span>
    </p>
   </div>
   <div class='ocr_carea' id='block_1_6' title="bbox 1572 1406 1612 1435">
    <p class='ocr_par' dir='ltr' id='par_1_7' title="bbox 1572 1406 1612 1435">
     <span class='ocr_line' id='line_1_43' title="bbox 1572 1406 1612 1435; baseline 0 0"><span class='ocrx_word' id='word_1_317' title='bbox 1572 1406 1612 1435; x_wconf 81' lang='lat'>13</span> 
     </span>
    </p>
   </div>
   <div class='ocr_carea' id='block_1_7' title="bbox 1572 1842 1589 1871">
    <p class='ocr_par' dir='ltr' id='par_1_8' title="bbox 1572 1842 1589 1871">
     <span class='ocr_line' id='line_1_44' title="bbox 1572 1842 1589 1871; textangle 90"><span class='ocrx_word' id='word_1_318' title='bbox 1572 1842 1589 1871; x_wconf 71' lang='grc' dir='ltr'>Ν)</span> 
     </span>
    </p>
   </div>
   <div class='ocr_carea' id='block_1_8' title="bbox 192 2640 1587 2695">
    <p class='ocr_par' dir='ltr' id='par_1_9' title="bbox 192 2640 1587 2695">
     <span class='ocr_line' id='line_1_45' title="bbox 192 2640 1587 2695; baseline 0.001 -15"><span class='ocrx_word' id='word_1_319' title='bbox 192 2640 349 2681; x_wconf 88' lang='lat' dir='ltr'>tribuni</span> <span class='ocrx_word' id='word_1_320' title='bbox 370 2640 548 2681; x_wconf 87' lang='lat' dir='ltr'>militum</span> <span class='ocrx_word' id='word_1_321' title='bbox 562 2640 706 2682; x_wconf 80' lang='lat' dir='ltr'>tertiae</span> <span class='ocrx_word' id='word_1_322' title='bbox 726 2641 901 2695; x_wconf 85' lang='lat' dir='ltr'>legionis</span> <span class='ocrx_word' id='word_1_323' title='bbox 921 2641 1123 2695; x_wconf 87' lang='lat' dir='ltr'>pabulum</span> <span class='ocrx_word' id='word_1_324' title='bbox 1144 2641 1342 2695; x_wconf 88' lang='lat' dir='ltr'>lignaque</span> <span class='ocrx_word' id='word_1_325' title='bbox 1357 2641 1543 2695; x_wconf 88' lang='lat' dir='ltr'>proicere</span> <span class='ocrx_word' id='word_1_326' title='bbox 1570 2654 1587 2682; x_wconf 82' lang='grc'>6</span> 
     </span>
    </p>
   </div>
   <div class='ocr_carea' id='block_1_9' title="bbox 1284 2707 1325 2739">
    <p class='ocr_par' dir='ltr' id='par_1_10' title="bbox 1284 2707 1325 2739">
     <span class='ocr_line' id='line_1_46' title="bbox 1284 2707 1325 2739; baseline 0 -13"><span class='ocrx_word' id='word_1_327' title='bbox 1284 2707 1325 2739; x_wconf 69' lang='grc'>1*</span> 
     </span>
    </p>
   </div>
  </div>
 </body>
</html>
