1804 2926
731 146 854 172 INDEX
877 145 1022 172 RERVM.

180 234 327 269 nomina
349 234 404 276 28,
424 233 478 272 45,
499 232 541 266 19
575 230 785 264 Marrucina
803 240 861 263 co—

180 281 263 314 hors
276 280 331 321 44,
345 280 399 322 40,
414 280 435 312 5
461 276 635 312 deficiunt
654 286 676 309 a
688 275 862 308 Romanis

180 325 221 359 P.
238 325 280 359 72
294 325 340 358 cf.
355 324 396 358 P.
412 324 454 357 73
480 322 578 356 caesi
596 332 618 354 a
639 319 800 364 Sulpicio
819 320 862 353 P.

180 371 222 404 76
247 370 429 403 deduntur
442 368 529 402 ibid.

156 415 255 449 Mars
268 414 394 459 populi
407 411 562 446 Romani
576 410 726 454 eiusque
741 410 863 443 condi-

177 460 265 493 toris
279 470 412 503 parens
425 456 541 502 praef.
556 457 575 490 7
601 467 683 490 eum
702 455 863 488 incertae

177 505 299 549 stirpis
318 508 461 548 patrem
479 504 668 544 nuncupat
682 500 760 534 Rea
781 501 810 541 1,
831 500 862 540 4,

177 550 253 583 2P.
293 548 538 583 atrocissimus
562 545 626 579 ubi
647 545 693 579 ad
719 545 863 590 gladios

177 595 278 628 venit
295 594 327 636 2,
347 594 402 635 46,
417 594 438 626 3
475 592 509 626 ei
533 590 718 625 flaminem
744 590 863 623 Numa

178 639 268 684 legit
288 640 319 681 1,
339 638 395 680 20,
411 638 432 671 3
463 637 497 671 ei
516 637 625 671 aedes
645 635 817 669 dedicata
831 636 861 675 6,

175 685 207 726 5,
222 685 244 718 8
264 683 310 717 cf.
331 683 385 725 38,
399 683 453 724 28,
469 682 490 715 3
525 681 635 715 aedes
661 684 763 714 extra
781 691 862 724 por-

175 733 251 763 tam
272 728 459 772 Capenam
479 727 510 767 7,
529 727 584 767 23,
604 726 625 759 3
649 725 778 759 Martis
799 737 863 759 ara

175 774 230 816 35,
251 774 303 816 10,
325 773 384 815 123
408 773 463 814 40,
476 772 531 813 45,
545 772 567 805 8
598 771 742 816 signum
760 771 814 812 22,
831 772 861 812 1,

176 820 219 853 12
245 818 334 852 silex
348 819 400 859 10,
414 818 468 860 47,
482 817 505 850 4
529 816 627 850 Mars
641 820 749 860 pater
763 816 860 848 invo-

176 867 280 898 catur
293 864 324 905 8,
335 863 365 905 9,
376 864 396 897 6
422 862 534 896 eibos
548 861 697 896 eximius
712 873 733 895 a
745 860 861 894 Decio

175 909 383 942 immolatus
398 908 427 950 7,
442 908 497 949 37,
507 908 528 940 3
558 906 862 940 suovetaurilibus

175 953 361 998 piaculum
379 952 588 986 faciendum
607 952 638 993 8,
654 953 708 993 10,
723 951 767 985 14
801 962 861 984 vo—

175 1004 252 1032 tum
264 1009 338 1032 non
351 998 419 1032 rite
433 997 572 1031 factum
586 997 631 1031 (10
645 996 860 1042 integroque

174 1043 383 1078 faciendum
409 1043 464 1085 22,
490 1043 521 1084 9,
543 1042 562 1075 9
600 1041 862 1075 lectisternium

174 1089 314 1123 factum
332 1088 387 1130 22,
402 1089 455 1128 10,
469 1088 490 1121 9
516 1087 549 1121 01
568 1087 687 1131 spolia
706 1087 862 1119 hostium

175 1137 411 1168 concremata
422 1133 476 1174 45,
492 1133 536 1166 33
567 1131 750 1166 Gradivus
763 1132 862 1165 invo—

176 1182 280 1213 catur
292 1178 396 1212 testis
415 1178 447 1219 2,
462 1178 516 1219 45,
532 1178 576 1211 14
611 1177 645 1211 ei
669 1176 861 1210 duodecim

177 1224 267 1258 Salii
281 1223 452 1268 leguntur
466 1224 496 1265 1,
510 1222 564 1264 20,
579 1223 601 1255 4
614 1221 742 1255 Martis
755 1222 862 1255 hasta

174 1269 375 1303 Praeneste
395 1279 461 1301 sua
480 1271 608 1311 sponte
627 1271 795 1311 promota
807 1267 860 1308 24,

175 1314 228 1356 10,
244 1315 286 1347 10
306 1313 382 1347 eius
396 1313 505 1347 aedes
521 1312 670 1356 Capuae
686 1312 740 1353 27,
755 1312 808 1354 23,
823 1312 861 1355 23

173 1359 227 1401 35,
243 1359 274 1400 9,
289 1359 311 1392 4
339 1358 441 1392 lucus
461 1359 498 1391 in
519 1368 607 1402 agro
628 1357 861 1392 Crustumino

151 1430 433 1492 blaisi'popiiliis
446 1447 478 1488 8,
494 1447 524 1488 6,
539 1447 561 1480 8
591 1458 672 1480 011111
688 1446 858 1481 Samniti-

172 1493 240 1526 bus
253 1493 339 1526 victi
352 1493 383 1534 9,
396 1493 452 1534 41,
466 1492 488 1525 4
523 1492 566 1525 iis
585 1492 714 1526 foedus
735 1492 860 1525 datum

172 1538 204 1580 9,
218 1538 273 1580 45,
289 1538 331 1571 18
344 1537 431 1571 victi
444 1538 497 1579 10,
511 1537 542 1579 3,
557 1537 578 1571 5
608 1537 738 1571 foedus
757 1537 859 1570 resti-

171 1586 290 1617 tutum
308 1582 396 1616 ibid.
411 1582 453 1616 P.
485 1585 676 1616 vastantur
695 1582 741 1616 ab
756 1582 858 1615 Han-

172 1628 296 1662 nibale
321 1628 375 1669 22,
396 1628 428 1669 9,
449 1628 470 1660 5
505 1627 701 1660 voluntarii
725 1627 858 1661 milites

172 1673 262 1707 dant
279 1673 333 1715 28,
353 1673 407 1715 45,
423 1672 465 1706 19
503 1672 631 1706 cohors
656 1672 858 1705 Marsorum

172 1718 226 1760 33,
241 1718 354 1760 36,10
378 1716 554 1751 deficiunt
571 1717 613 1750 P.
629 1718 672 1751 72
697 1717 738 1750 P.
754 1717 857 1750 Ruti-

171 1763 259 1795 lium
275 1763 514 1797 acieyincunt
526 1762 568 1795 P.
585 1762 627 1795 73
651 1773 673 1796 a
686 1762 725 1796 C.
741 1762 858 1796 Mario

171 1807 257 1841 vieti
282 1807 371 1841 ibid.
414 1807 546 1841 iterum
575 1807 662 1840 victi
687 1811 856 1851 praetore

171 1852 286 1886 Herio
316 1851 444 1885 Asinio
476 1851 594 1885 occiso
619 1851 707 1885 ibid.
746 1852 855 1885 dubio

171 1901 303 1932 eventu
323 1900 492 1941 pugnant
504 1896 546 1929 P.
562 1897 606 1930 74
637 1907 658 1929 a
671 1896 734 1930 Cn.
750 1897 856 1930 Poni-

171 1942 254 1986 peio
268 1941 355 1975 victi
368 1941 455 1975 ibid.
482 1941 702 1985 aliquotiens
715 1941 802 1975 victi
815 1942 845 1974 P

173 1988 216 2021 75
240 1998 368 2031 pacem
382 1990 513 2030 petunt
525 1986 566 2019 P.
578 1987 631 2019 76.

149 2032 318 2111 Mgrgyas
332 2032 448 2066 amnis
456 2031 604 2074 38,13‚6
628 2031 724 2065 unde
740 2031 857 2065 dictus

170 2089 182 2110 1
211 2089 222 2110 1
252 2104 259 2110 .

148 2122 317 2166 Marsyas
337 2133 417 2156 cum
430 2121 603 2166 Apolline
622 2120 721 2155 tibiis
740 2124 856 2155 certa-

170 2167 222 2200 vit
237 2167 292 2210 38,
309 2168 362 2209 13,
378 2168 409 2201 6.

148 2212 284 2245 Martia
295 2212 392 2257 legio
406 2212 447 2245 P.
465 2212 539 2245 117.

148 2256 302 2290 Martius
316 2268 465 2301 campus
477 2257 534 2290 vd.
551 2267 712 2300 campus

149 2301 361 2336 Masaesulii
380 2313 471 2346 gens
496 2300 626 2334 adfinis
646 2300 782 2334 Mauris
801 2301 855 2343 28,

172 2347 277 2389 17,53
302 2347 356 2389 29,
371 2347 425 2388 30,
441 2347 461 2379 9
499 2345 679 2391 Syphacis
703 2357 856 2391 regnum

171 2392 226 2435 29,
241 2392 294 2434 32,
312 2391 353 2424 14
378 2391 544 2436 Massylii
556 2391 598 2424 P.
614 2391 669 2424 28.

148 2436 330 2481 Masgaba
339 2436 554 2470 Masinissae
567 2434 662 2469 filius
676 2436 712 2469 in
727 2440 855 2471 senatu

1516 132 1597 173 357

911 230 1051 264 sanissa
1064 231 1104 264 P.
1121 231 1179 277 24)
1200 242 1282 265 cum
1295 231 1458 276 equitatu
1474 231 1598 266 Numi—

912 275 1039 308 darum
1052 276 1236 311 Romanos
1249 281 1356 311 vexat
1367 277 1422 319 25,
1437 277 1491 319 34,
1505 277 1526 309 2
1551 277 1599 310 ad

912 320 1183 355 Hasdrubalem
1207 322 1362 357 traicere
1387 322 1467 355 vult
1491 322 1545 363 27,
1566 322 1598 364 5,

914 366 953 398 11
992 365 1137 400 iubetur
1161 378 1277 411 vagus
1301 378 1368 410 per
1392 367 1597 401 citeriorem

912 410 1130 454 Hispaniam
1144 413 1250 445 sociis
1259 423 1365 455 opem
1378 412 1472 446 ferre
1480 412 1534 453 27,
1543 412 1597 454 20,

911 456 932 489 8
946 456 990 489 cf.
1005 456 1059 498 28,
1076 458 1128 499 13,
1139 458 1159 490 6
1173 468 1252 490 cum
1270 457 1393 492 Silano
1408 457 1501 490 clam
1514 466 1598 490 con-

911 512 1058 546 gressus
1077 502 1112 534 in
1126 501 1290 536 Africam
1310 502 1405 535 redit
1417 502 1471 543 28,
1487 502 1539 543 16,
1556 502 1598 534 11

912 557 994 579 011111
1008 545 1177 590 Scipione
1193 547 1389 580 amicitiam
1409 546 1530 591 iungit
1541 546 1596 587 28,

911 591 954 625 35
968 591 1009 624 P.
1048 592 1146 635 apud
1171 591 1339 625 Laelium
1365 592 1528 635 queritur
1552 591 1597 625 dc

911 636 1070 681 segnitia
1090 636 1271 680 Scipionis
1295 637 1356 679 29,
1376 636 1408 676 4,
1429 637 1450 670 8
1470 636 1512 669 Ρ.
1550 636 1598 669 ad

912 680 1119 725 Scipionem
1137 682 1236 716 venit
1255 692 1336 715 cuin
1356 681 1522 725 equitatu
1541 681 1596 723 29,

910 727 964 769 29,
979 727 1001 759 4
1014 727 1055 760 P.
1094 737 1204 771 quam
1222 727 1325 761 varia
1344 726 1492 760 fortuna
1510 737 1597 759 usus

911 772 957 805 sit
982 772 1019 805 in
1045 772 1246 806 amittendo
1271 772 1596 815 recuperandoque

910 828 1024 861 regno
1038 821 1203 861 paterno,
1218 821 1387 851 narratur
1399 817 1452 859 29,
1462 817 1596 850 29—33

910 872 991 895 cum
1001 861 1170 906 Scipione
1179 863 1399 896 Hannonem
1411 861 1532 896 caedit
1539 862 1594 904 29,

910 907 1197 951 34P.aScipione
1207 908 1362 941 donatus
1370 907 1506 950 29,-3223
1515 917 1596 940 cum

910 952 1039 986 Laelio
1055 952 1263 997 Syphacem
1275 952 1409 986 victum
1429 952 1529 995 capit
1541 952 1595 994 30,

911 998 953 1030 12
966 997 1010 1030 P.
1037 997 1295 1041 Sophonibam,
1312 997 1492 1042 Syphacis
1510 1007 1596 1029 uxo—

908 1054 996 1085 rem,
1012 1042 1048 1076 in
1063 1043 1331 1076 matrimonium
1346 1042 1447 1076 ducit
1454 1042 1594 1075 1112οΡ,

911 1088 944 1121 01
968 1098 1147 1122 venenum
1171 1087 1283 1122 mittit
1307 1088 1360 1129 30,
1388 1088 1441 1129 15,
1460 1088 1483 1120 4
1501 1087 1542 1120 Ρ.
1575 1098 1597 1120 a

911 1131 1080 1176 Scipione
1100 1133 1258 1166 donatur
1276 1133 1324 1165 ib.
1347 1133 1387 1165 11
1426 1130 1596 1166 honorifi-

910 1188 989 1211 cum
1005 1178 1049 1212 de
1065 1189 1106 1211 eo
1122 1177 1188 1212 SC.
1203 1178 1373 1219 30,17,12
1397 1177 1431 1211 ei
1443 1188 1596 1222 regnum

908 1223 1116 1256 restitutum
1142 1223 1228 1257 ibid.
1256 1223 1301 1256 cf.
1328 1223 1382 1265 30,
1410 1223 1464 1263 15,
1492 1223 1532 1255 11
1553 1222 1595 1254 P.

911 1267 1091 1312 Syphacis
1110 1279 1224 1313 regno
1240 1268 1395 1301 donatus
1415 1267 1468 1309 30,
1483 1267 1537 1308 44,
1554 1268 1596 1299 12

910 1313 957 1346 ad
971 1324 1053 1347 eum
1066 1313 1181 1358 legati
1195 1312 1405 1358 gratulandi
1421 1316 1457 1346 et
1471 1312 1597 1345 auxilii

908 1358 1057 1401 petendi
1071 1369 1183 1392 causa
1196 1357 1294 1391 missi
1309 1368 1390 1391 cum
1404 1357 1507 1390 donis
1522 1368 1595 1389 am-

908 1403 1081 1446 plissimis
1100 1404 1221 1445 31,11,
1236 1404 1256 1436 8
1287 1402 1466 1437 Numidas
1486 1401 1597 1435 mittit

908 1448 962 1489 31,
979 1449 1031 1489 19,
1045 1449 1068 1480 4
1093 1448 1228 1481 auxilia
1241 1447 1353 1480 mittit
1365 1448 1419 1489 32,
1434 1448 1488 1487 27,
1503 1447 1524 1480 2
1550 1447 1595 1480 de

909 1503 950 1526 eo
970 1492 1295 1537 Carthaginienses
1322 1496 1522 1536 queruntur
1540 1492 1594 1533 34,

907 1538 950 1571 62
976 1537 1118 1582 legatos
1137 1537 1249 1571 mittit
1269 1548 1347 1571 sese
1372 1540 1595 1582 purgaturus

906 1582 956 1616 ib.
972 1584 993 1616 5
1016 1584 1238 1616 frumentum
1259 1586 1294 1616 et
1313 1582 1449 1616 auxilia
1461 1581 1595 1615 Roma-

906 1628 961 1661 nis
980 1628 1094 1661 mittit
1111 1628 1164 1669 36,
1180 1628 1211 1670 4,
1226 1629 1247 1662 8
1283 1638 1365 1661 011111
1388 1627 1524 1660 Poenis
1550 1627 1594 1661 (10

907 1684 996 1719 agro
1017 1676 1133 1707 certat
1151 1674 1206 1715 40,
1227 1673 1288 1716 173
1307 1673 1363 1714 40,
1384 1673 1438 1715 34,
1455 1673 1497 1706 14
1533 1683 1594 1706 eos

906 1719 1028 1763 arguit
1040 1722 1221 1752 tractatae
1236 1729 1317 1752 cum
1331 1718 1467 1752 Perseo
1481 1718 1594 1751 socie-

906 1765 992 1797 tatis
1005 1764 1059 1804 41,
1074 1764 1129 1805 22,
1144 1763 1165 1796 2
1192 1764 1235 1797 (10
1257 1763 1334 1797 eius
1353 1763 1494 1796 iniuriis
1508 1774 1592 1807 que-

905 1814 1034 1842 runtur
1046 1809 1162 1842 Poeni
1175 1809 1229 1848 42,
1244 1808 1338 1841 23P.
1365 1808 1593 1853 Misagenem

905 1853 1021 1886 filium
1035 1865 1116 1887 cum
1127 1853 1387 1887 auxiliismittit
1396 1854 1442 1887 ad
1455 1854 1593 1888 bellum

906 1898 1183 1932 Macedonicum
1197 1899 1250 1938 42,
1260 1899 1314 1940 29,
1328 1899 1349 1931 8
1364 1898 1499 1932 auxilia
1512 1910 1592 1942 pro-

905 1943 1017 1976 mittit
1034 1944 1088 1983 43,
1109 1944 1140 1984 6,
1157 1944 1199 1975 13
1235 1943 1453 1987 Masgabam
1477 1942 1593 1976 filium

906 1988 952 2021 ad
972 1992 1139 2021 senatum
1159 1987 1270 2020 mittit
1287 1988 1341 2029 45,
1358 1988 1411 2029 13,
1427 1988 1468 2021 12
1500 1989 1594 2032 petit

904 2036 945 2065 ut
958 2033 1027 2065 sibi
1048 2032 1159 2066 liceat
1173 2031 1379 2066 sacrificare
1393 2033 1430 2065 in
1445 2033 1592 2077 Capito—

905 2077 953 2111 lio
968 2077 1015 2111 ib.
1032 2078 1073 2111 17
1100 2078 1197 2121 quod
1211 2081 1358 2111 senatus
1377 2083 1523 2112 recusat
1535 2079 1590 2121 45,

906 2123 997 2165 14,4
1016 2123 1061 2156 cf.
1077 2122 1119 2155 P.
1133 2123 1176 2155 47
1215 2133 1315 2167 agro,
1342 2123 1386 2156 de
1413 2134 1484 2167 quo
1509 2135 1590 2157 cum

904 2167 1038 2201 Poenis
1060 2167 1237 2209 certabat,
1258 2167 1355 2202 cedit
1374 2168 1414 2201 P.
1429 2168 1473 2201 48
1505 2168 1590 2202 Car—

905 2212 1157 2257 thaginienses
1173 2212 1318 2247 adortos
1331 2213 1477 2257 repellit
1491 2213 1531 2246 P.
1547 2214 1592 2247 48

906 2257 982 2291 eius
991 2257 1118 2302 vigens
1127 2262 1163 2291 et
1177 2258 1308 2291 alacris
1317 2262 1486 2292 senectus
1500 2258 1589 2292 ibid.

903 2306 988 2346 post
1012 2306 1151 2336 sextum
1181 2306 1218 2336 et
1242 2303 1502 2348 octogesimum
1529 2315 1591 2337 an—

904 2358 990 2380 num
1014 2346 1128 2380 filium
1154 2348 1282 2393 genuit
1300 2348 1342 2381 P.
1362 2348 1407 2381 50
1441 2349 1592 2382 moritur

903 2392 989 2427 ibid.
1023 2392 1098 2427 eius
1118 2404 1272 2438 regnum
1290 2393 1386 2427 inter
1403 2396 1476 2428 tres
1495 2393 1591 2427 filios

904 2437 1078 2480 partitum
1094 2438 1181 2471 ibid.

171 2481 380 2526 gratissima
388 2481 500 2515 verba
513 2480 768 2523 facit45,13,12
778 2493 854 2526 sqq.
883 2482 1026 2517 Massae
1041 2494 1103 2517 aes
1118 2494 1229 2528 grave
1244 2483 1286 2516 F.
1301 2483 1356 2517 60.

170 2537 252 2560 cum
265 2527 388 2560 multis
397 2526 500 2560 donis
516 2526 683 2559 dimissus
696 2527 750 2568 45,
762 2527 814 2569 14,
824 2528 854 2560 6.
883 2527 1059 2561 Massicus
1073 2540 1175 2561 mons
1188 2529 1243 2570 22,
1259 2528 1312 2562 14.

148 2571 343 2605 Masinissa
358 2570 477 2605 Galae
496 2570 592 2604 filius
607 2571 750 2604 iunctus
763 2572 854 2606 Poe-
882 2572 1047 2606 Massilia
1071 2573 1113 2606 21
1124 2600 1132 2614 ,
1158 2574 1214 2616 20,
1240 2574 1258 2607 7
1297 2585 1319 2607 a
1344 2573 1502 2609 Caesare
1527 2575 1587 2609 ob-

171 2617 228 2650 nis
243 2616 449 2662 Syphacem
461 2616 574 2651 vincit
585 2616 639 2659 24,
654 2616 708 2659 49,
723 2617 745 2650 4
763 2616 855 2657 (Ma-
904 2629 1005 2652 sessa
1018 2618 1058 2651 P.
1075 2619 1139 2651 110
1164 2618 1195 2653 ci
1211 2619 1336 2653 dedita
1349 2618 1436 2654 ibid.
