1804 2926
449 146 599 180 LIBER
625 144 832 188 XXXXII,
860 144 913 178 62.
935 143 989 177 63.
1017 145 1066 186 [a.
1081 143 1120 178 C.
1137 143 1217 186 171]
1461 132 1511 171 81

162 251 346 294 adhibito
377 248 586 303 frequenti
621 247 792 290 consilio
831 247 961 288 auditi
993 256 1102 288 sunt.
1162 261 1310 302 pacem
1346 245 1515 300 petiere,

163 313 341 367 vectigal
371 318 574 365 quantum
599 310 822 365 Philippus
854 317 1002 364 pactus
1034 317 1162 358 esset,
1194 309 1389 350 daturum
1413 307 1517 347 Per—

162 391 232 417 sea
255 373 456 416 Romanis
488 373 742 428 pollicentis:
780 372 968 420 urbibus,
988 372 1099 427 agris
1128 372 1333 425 locisque,
1364 370 1516 424 quibus

161 436 384 491 Philippus
405 435 610 484 cessisset,
637 449 853 475 cessurum
877 434 1073 488 primum.
1111 433 1215 475 haec
1232 433 1373 487 legati.
1405 447 1518 472 sum-

161 498 283 539 motis
317 497 380 538 his
412 511 508 538 cum
539 497 842 545 consultarent,
875 496 1069 537 Romana
1093 495 1325 537 constantia
1355 494 1454 534 vicit
1476 493 1519 533 in

162 559 346 601 consilio.
407 559 464 599 ita
489 567 578 600 tum
602 573 693 599 mos
719 567 819 608 erat,
844 559 887 599 in
912 559 1097 599 adversis
1122 558 1283 599 voltum
1309 555 1518 597 secundae

162 622 355 662 fortunae
380 636 539 676 gerere,
564 621 773 662 moderari
799 621 937 662 animo
964 621 1006 662 in
1032 620 1239 662 secundis.
1277 617 1519 673 responderi

161 683 339 739 placuit,
372 683 430 724 ita
454 698 602 738 pacem
627 683 736 732 dari,
769 684 803 724 si
828 683 879 724 de
905 698 1069 724 summa
1091 697 1231 724 rerum
1254 681 1432 722 liberum
1458 694 1522 720 se-

162 745 279 787 natui
321 746 534 800 permittat
576 761 650 787 rex
693 746 744 787 de
785 761 829 788 se
866 746 1001 799 deque
1036 745 1232 785 universa
1267 741 1522 784 BIacedonia

163 808 372 849 statuendi
403 808 482 848 ius.
542 807 646 849 haec
679 823 774 848 cum
799 807 1105 849 renuntiassent
1136 805 1284 861 legati,
1319 804 1521 845 miraculo

163 869 320 924 ignaris
347 870 472 910 moris
503 869 733 924 pertinacia
764 884 855 911 esse
881 876 919 910 et
951 868 1139 923 plerique
1170 874 1311 908 vetare
1344 865 1521 920 amplius

165 932 419 972 mentionem
461 932 576 986 pacis
618 931 776 972 facere:
825 932 934 972 ultro
971 945 1069 970 mox
1112 929 1373 983 quaesituros
1409 927 1524 980 quod

165 994 353 1034 oblatum
402 993 628 1034 fastidiant.
701 994 883 1034 Perseus
931 992 1039 1033 hanc
1086 992 1221 1046 ipsam
1269 989 1522 1045 superbiam,

165 1055 321 1110 quippe
347 1070 399 1096 ex
422 1055 576 1096 fiducia
600 1056 751 1096 virium
777 1070 880 1104 esse,
907 1055 1072 1103 timere3
1099 1061 1139 1096 et
1165 1068 1372 1094 summam
1396 1066 1524 1106 pecu-

166 1118 259 1158 niae
286 1132 464 1172 augens,
503 1118 536 1157 si
561 1117 694 1172 pretio
720 1132 868 1172 pacem
893 1131 1030 1157 emere
1061 1124 1220 1171 posset,
1257 1129 1341 1155 non
1367 1113 1523 1155 destitit

168 1179 354 1219 animum
380 1180 561 1220 consulis
594 1188 810 1234 temptare.
871 1188 1094 1232 postquam
1125 1177 1227 1218 nihil
1259 1192 1311 1218 ex
1336 1191 1384 1218 eo
1409 1175 1524 1229 quod

167 1242 300 1296 primo
326 1241 597 1296 responderat
618 1241 821 1289 mutabat,
847 1241 1066 1294 desperata
1087 1255 1189 1295 paee
1216 1240 1268 1280 ad
1284 1239 1523 1287 Sucurium,

167 1304 278 1344 unde
303 1304 516 1357 profectus
549 1311 655 1352 erat,
689 1303 830 1352 rediit,
863 1302 961 1343 belli
987 1317 1131 1343 casum
1157 1302 1208 1343 de
1233 1302 1396 1356 integro
1422 1308 1526 1341 tem-

167 1374 370 1419 ptaturus.

252 1426 425 1467 LXIII.
458 1427 592 1468 Fama
606 1427 809 1481 equestris
829 1442 997 1482 pugnae
1016 1427 1188 1481 vulgata
1209 1441 1283 1480 per
1298 1424 1524 1466 Graeciam

167 1488 342 1529 nudavit
366 1490 601 1530 voluntates
627 1489 856 1529 hominum.
894 1504 978 1529 non
1003 1488 1114 1529 enim
1141 1488 1274 1528 solum
1301 1487 1371 1540 qui
1397 1487 1525 1540 partis

168 1550 455 1591 Macedonum
480 1559 617 1600 erant,
655 1551 728 1592 sed
754 1544 941 1606 plerique
972 1550 1213 1605 ingentibus
1239 1549 1527 1590 Romanorum

169 1612 341 1667 obligati
388 1613 617 1663 beneficiis,
660 1614 832 1667 quidam
875 1613 960 1653 vim
1005 1612 1330 1667 superbiamque
1367 1610 1527 1665 experti

171 1671 378 1729 [Persei],
409 1675 505 1716 laeti
533 1691 625 1716 eam
654 1677 812 1716 famam
838 1690 1057 1730 accepere,
1090 1689 1173 1714 non
1200 1673 1253 1714 ob
1280 1673 1405 1713 aliam
1431 1688 1529 1713 eau-

170 1751 259 1776 sam
285 1751 409 1790 quam
436 1752 566 1792 pravo
592 1738 747 1787 studio,
774 1752 857 1791 quo
884 1738 1007 1778 etiam
1034 1737 1075 1777 in
1102 1736 1397 1778 certaminibus
1422 1735 1530 1776 ludi-

172 1799 250 1839 cris
275 1800 427 1853 vulgus
452 1800 596 1850 utitur,
623 1800 815 1842 deteriori
841 1808 967 1854 atque
992 1799 1209 1840 infirmiori
1234 1798 1428 1839 favendo.

256 1859 420 1901 Eodem
446 1869 632 1916 tempore
656 1862 699 1902 in
724 1863 902 1903 Boeotia
928 1877 1091 1902 summa
1116 1861 1157 1901 vi
1179 1860 1420 1901 Haliartum
1440 1860 1530 1900 Lu-

174 1921 325 1962 cretius
350 1930 518 1976 praetor
542 1925 835 1978 oppugnabat3
868 1931 909 1964 et
934 1937 1192 1976 quamquam
1216 1937 1293 1962 nec
1319 1922 1531 1962 habebant

174 1990 345 2024 externa
382 1984 537 2025 auxilia
568 1985 727 2026 Obsessi
758 1993 923 2040 praeter
949 1984 1302 2026 Coronitanorum
1334 1984 1530 2031 iuniores,

174 2046 247 2099 qui
270 2046 404 2100 prima
424 2047 638 2088 obsidione
658 2048 824 2088 moenia
843 2047 1115 2095 intraverant,
1135 2061 1272 2099 neque
1293 2046 1529 2100 sperabant,

175 2120 314 2148 tamen
338 2108 418 2162 ipsi
444 2109 591 2149 animis
623 2110 757 2163 magis
783 2124 909 2162 quam
935 2109 1093 2149 viribus
1124 2108 1385 2149 resistebant.
1433 2123 1531 2149 nam

176 2177 216 2211 et
241 2170 475 2224 eruptiones
501 2171 544 2210 in
564 2186 691 2225 opera
716 2171 860 2212 crebro
882 2170 1106 2218 faciebant,
1133 2178 1172 2211 et
1193 2169 1362 2211 arietem
1389 2170 1532 2210 admo-

177 2239 267 2272 tum
303 2247 416 2272 nunc
450 2231 581 2286 [saxis
619 2233 879 2287 ingentibus,
917 2230 1050 2287 nunc]
1083 2232 1333 2272 libramento
1370 2232 1531 2286 plumbi

177 2300 398 2347 gravatum
429 2294 482 2334 ad
513 2302 664 2335 terram
696 2295 931 2349 urguebant
965 2303 1023 2342 et,
1061 2294 1095 2334 si
1120 2308 1203 2346 qua
1228 2294 1436 2335 declinare
1460 2310 1532 2335 ne-

178 2354 395 2407 quiverant
436 2355 584 2404 ictum,
627 2371 702 2410 pro
739 2357 875 2397 diruto
912 2371 1031 2396 muro
1068 2370 1224 2396 novum
1260 2355 1531 2396 tumultuario

178 2431 304 2470 opere
329 2417 480 2471 raptim
501 2434 551 2459 ex
576 2418 667 2473 ipsa
691 2419 836 2460 ruinae
862 2428 1000 2473 strage
1021 2418 1230 2472 congestis
1256 2417 1366 2458 saxis
1392 2427 1532 2458 extru-

1545 258 1584 287 10

1546 442 1581 470 11

1548 629 1586 657 12

1550 814 1588 842 13

1551 1000 1590 1029 14

1554 1187 1588 1214 15>

1556 1685 1573 1712 μ’,

179 2479 316 2519 ebant.
368 2494 463 2520 cum
489 2481 683 2535 operibus
714 2480 884 2536 len[tior
916 2478 1196 2535 oppugna]tio
1230 2488 1360 2529 esset,
1398 2480 1532 2521 scalas
1558 2492 1575 2520 ἱ)

180 2556 253 2595 1101·
278 2542 511 2596 manipulos
538 2542 666 2583 dividi
690 2551 856 2598 praetor
885 2543 1003 2583 iussit
1029 2557 1182 2583 corona
1207 2541 1393 2594 undique
1419 2556 1532 2583 moe-

180 2604 248 2644 nia
267 2603 554 2658 adgressurus,
579 2619 628 2646 eo
644 2604 777 2660 magis
799 2604 1066 2647 suffecturam
1090 2604 1142 2645 ad
1162 2603 1204 2644 id
1224 2603 1531 2644 multitudinem

248 2670 307 2697 Liri
322 2671 372 2697 rol.
387 2669 435 2697 IV.
1231 2669 1251 2704 6
