1804 2926
494 145 646 179 LIBER
672 143 878 186 XXXXH,
905 144 935 177 6.
959 144 988 176 7.
1016 146 1066 184 [a.
1082 142 1120 177 C.
1138 143 1217 186 lm]
1483 136 1536 176 33

179 253 242 292 M.
270 249 478 291 Caecilius
509 247 684 290 Denter.
745 255 783 288 et
818 245 913 302 [ab]
941 246 1152 288 Antiocho
1186 261 1285 301 rege
1315 247 1393 288 sub
1424 247 1535 288 idem
1562 262 1579 291 6

179 321 344 366 tempus
369 310 497 365 legati
522 316 738 350 venerunt.
788 323 967 362 quorum
998 309 1190 363 princeps
1216 309 1468 363 Apollonius
1493 310 1535 350 in

179 382 369 415 senatum
392 372 653 413 introductus
678 371 820 412 multis
853 371 1055 424 iustisque
1081 371 1217 412 causis
1242 387 1385 426 regem
1411 386 1537 413 excu-

179 436 303 484 savit,
335 434 448 488 quod
472 434 727 488 stipendium
752 433 883 474 serius
910 434 1049 487 quoad
1081 434 1190 474 diem
1215 442 1462 488 praestaret:
1494 435 1536 474 id
1564 449 1580 477 7

178 513 222 539 se
254 512 376 538 omne
408 497 645 545 advexisse,
682 510 734 537 ne
771 495 889 536 cuius
925 496 1005 536 nisi
1041 496 1240 550 temporis
1276 497 1412 550 gratia
1447 496 1536 551 regi

178 561 307 602 fieret.
368 560 525 600 donum
548 566 765 614 praeterea
790 559 957 607 afferre,
983 574 1085 599 vasa
1109 574 1236 600 aurea
1260 558 1535 613 quingentsun

179 623 331 678 pondo.
392 630 534 677 petere
559 637 722 676 regem,
755 628 820 670 ut,
853 635 962 675 quae
988 636 1083 662 cum
1114 628 1232 676 patre
1259 635 1333 661 suo
1360 621 1535 662 societas
1561 634 1580 665 8

180 692 303 739 atque
331 685 512 726 amicitia
542 684 710 733 fuisset,
742 699 793 725 ea
823 698 966 724 secum
991 691 1264 724 renovaretur
1294 683 1537 738 imperaret-

179 761 261 800 que
283 747 566 802 sibi.populus
580 747 812 795 Romanus,
839 760 945 799 quae
966 746 1076 786 bono
1098 745 1294 799 fidelique
1314 746 1426 786 socio
1447 745 1539 801 regi

178 819 317 850 essent
351 808 615 863 imperanda3
654 823 697 849 se
736 809 850 848 nullo
881 822 1060 861 usquam
1093 816 1352 849 cessaturum
1384 807 1534 849 officio.

180 886 229 912 ea
252 872 400 912 merita
424 872 467 911 in
493 869 578 926 [se]
606 878 774 912 senatus
800 869 949 919 fuisse,
982 884 1077 911 611111
1103 870 1264 910 Romae
1290 877 1417 918 esset,
1443 885 1535 911 eam
1562 884 1579 914 9

179 933 415 974 comitatem
440 933 681 982 iuventutis,
708 940 751 973 111
777 947 852 987 pro
878 947 996 986 rege,
1022 947 1106 972 non
1132 946 1206 986 pro
1233 932 1377 973 obside
1403 932 1536 973 omni-

178 995 256 1036 bus
290 995 503 1036 ordinibus
536 994 673 1036 fuerit.
733 994 882 1049 legatis
914 995 1095 1049 benigne
1126 1009 1372 1048 responsum
1398 1001 1439 1035 61
1470 1009 1536 1035 so-
1563 1009 1603 1038 10

179 1057 372 1098 cietatem
403 1072 603 1098 renovare
636 1072 731 1098 611111
763 1056 998 1105 Antiocho,
1037 1071 1143 1110 quae
1176 1071 1270 1096 611111
1301 1064 1420 1110 patre
1446 1055 1534 1097 eius

177 1119 333 1168 fuerat,
370 1120 425 1159 A.
456 1119 613 1160 Atilius
649 1127 816 1174 praetor
851 1119 1037 1159 urbanus
1074 1119 1224 1159 iussus.
1293 1126 1535 1171 quaestores
1563 1133 1601 1162 11

178 1181 329 1222 urbani
350 1182 616 1236 stipendium,
632 1197 732 1222 vasa
754 1196 881 1222 aurea
895 1196 1087 1222 censores
1108 1188 1372 1234 acceperunt,
1392 1181 1535 1234 eisque

176 1244 391 1297 negotium
430 1244 574 1284 datum
606 1251 686 1292 est,
725 1250 771 1283 ut
800 1252 1003 1297 ponerent
1036 1258 1085 1283 ea
1115 1242 1158 1282 in
1189 1242 1340 1295 quibus
1370 1242 1535 1297 templis

177 1305 387 1346 videretur
396 1321 405 1353 3
438 1305 575 1359 legato
602 1315 769 1346 centum
801 1305 962 1345 milium
988 1305 1092 1345 aeris
1119 1319 1271 1344 munus
1296 1304 1469 1344 missum
1495 1312 1535 1345 et.

176 1367 299 1408 aedes
324 1367 480 1408 liberae
506 1366 686 1421 hospitio
713 1367 835 1407 datae
862 1374 1139 1421 sumptusque
1165 1366 1376 1414 decretus,
1403 1366 1535 1406 donec

175 1429 219 1469 in
243 1429 367 1470 Italia
392 1436 513 1470 esset.
573 1429 720 1483 legati,
746 1428 817 1482 qui
842 1428 884 1468 in
911 1427 1035 1483 Syria
1059 1428 1244 1477 fuerant,
1269 1428 1535 1469 renuntiave-
1563 1444 1602 1473 12

175 1499 288 1540 rant,
323 1492 366 1532 in
397 1491 580 1532 maximo
607 1506 703 1532 eum
734 1491 891 1532 honore
916 1498 1018 1546 aput
1049 1506 1192 1545 regem
1218 1505 1308 1532 esse
1334 1490 1536 1531 amicissi-

177 1567 376 1606 mumque
401 1554 556 1608 populo
582 1553 789 1594 Romano.

261 1615 362 1657 VH.
400 1616 452 1655 In
476 1615 700 1670 provinciis
727 1630 775 1656 eo
802 1630 910 1656 anno
935 1615 1052 1656 haec.
1097 1613 1147 1656 C.
1175 1613 1390 1656 Cicereius
1415 1630 1535 1669 prae-
1564 1632 1577 1659 1

177 1686 240 1717 tor
258 1677 300 1718 in
321 1676 496 1718 Corsica
517 1678 646 1732 signis
667 1679 840 1719 conlatis
865 1678 1089 1733 pugnavit3
1116 1686 1275 1732 septem
1301 1677 1414 1718 milia
1429 1676 1535 1718 Cor-

177 1754 319 1780 sorum
344 1754 478 1789 caesa,
505 1740 615 1795 capti
641 1741 818 1795 amplius
842 1741 955 1782 mille
981 1748 1022 1781 61
1047 1739 1313 1794 septingenti.
1362 1747 1533 1780 voverat

177 1802 219 1842 in
245 1817 293 1843 ea
318 1817 461 1857 pugna
485 1811 652 1857 praetor
677 1804 825 1844 aedem
850 1803 1002 1844 Iunoni
1021 1803 1236 1844 Monetae.
1273 1817 1357 1856 pax
1383 1802 1532 1843 deinde
1560 1818 1578 1847 -2

179 1864 276 1904 data
296 1865 533 1918 petentibus
549 1864 706 1915 Corsis,
722 1877 761 1907 et
776 1876 924 1908 exacta
938 1882 1056 1907 cerae
1072 1866 1234 1906 ducena
1247 1865 1361 1906 milia
1381 1865 1533 1920 pondo.

178 1942 230 1967 ex
251 1925 424 1968 Corsica
449 1929 623 1969 subacta
643 1927 857 1970 Cicereius
882 1930 926 1970 in
953 1929 1191 1971 Sardiniam
1216 1929 1455 1969 transmisit.
1493 1940 1535 1969 et
1561 1942 1578 1970 3

177 1988 218 2028 in
249 1988 480 2042 Liguribus
517 1990 560 2029 in
596 2005 696 2044 agro
729 1990 938 2032 Statellati
974 1998 1209 2045 pugnatum
1246 1991 1300 2030 ad
1332 1990 1534 2044 oppidum

179 2048 419 2103 Carystum.
469 2066 517 2091 eo
544 2067 587 2092 se
611 2067 789 2106 magnus
816 2053 1022 2093 exercitus
1047 2053 1258 2106 Ligurum
1289 2053 1532 2092 contulerat.

178 2111 311 2165 primo
344 2112 421 2152 sub
454 2113 681 2154 adventum
704 2114 768 2154 M.
793 2114 949 2168 Popilli
979 2114 1160 2154 consulis
1191 2113 1411 2154 moenibus
1443 2128 1532 2154 sese
1559 2128 1578 2155 1

180 2173 468 2223 continebant3
507 2175 655 2215 deinde
692 2186 916 2229 postquam
953 2175 1154 2229 oppidum
1190 2182 1532 2229 oppugnaturum

178 2234 416 2276 Romanum
437 2237 674 2285 cernebant,
700 2238 909 2291 progressi
928 2245 1023 2278 ante
1048 2245 1189 2292 portas
1216 2236 1348 2277 aciem
1373 2244 1534 2277 struxe-

178 2304 287 2337 runt.
335 2312 412 2339 nec
437 2300 603 2348 consul,
628 2308 674 2339 ut
700 2300 771 2353 qui
795 2300 838 2340 id
862 2300 1000 2354 ipsum
1026 2299 1337 2354 oppugnatione
1363 2299 1535 2340 commi-
1559 2313 1578 2342 5

178 2359 317 2400 nanda
342 2361 585 2412 quaesisset,
611 2376 770 2402 moram
797 2362 1012 2402 certamini
1036 2362 1148 2402 fecit.
1185 2372 1419 2415 pugnatum
1446 2376 1534 2401 am-

179 2422 287 2475 plius
313 2423 385 2462 tris
411 2430 471 2463 est
504 2423 645 2471 horas,
676 2423 734 2464 ita
766 2432 811 2464 ut
836 2432 983 2465 neutro
1008 2424 1225 2464 inclinaret
1251 2438 1359 2478 spes.
1420 2424 1531 2477 quod
1559 2438 1576 2465 6

179 2483 251 2523 ubi
277 2485 421 2525 consul
452 2485 556 2526 vidit
585 2486 700 2526 nulla
723 2494 841 2540 parte
866 2486 1026 2528 moveri
1050 2486 1259 2541 Ligurum
1285 2486 1424 2540 signa,
1455 2486 1532 2526 im-

179 2553 297 2599 perat
330 2547 559 2600 equitibus,
590 2556 634 2588 ut
666 2563 794 2602 equos
826 2549 1126 2598 conscendant,
1164 2563 1213 2589 ac
1243 2548 1377 2589 tribus
1409 2548 1530 2589 simul

178 2608 367 2661 partibus
392 2608 434 2649 in
465 2609 614 2659 hostis,
648 2618 804 2664 quanto
836 2610 1018 2651 maximo
1043 2618 1213 2666 possent
1239 2610 1440 2658 tumultu,
1472 2610 1532 2649 in—

245 2674 304 2700 Liri
319 2675 370 2701 rol.
386 2674 434 2702 11'.
1231 2676 1252 2709 3
