1804 2926
457 144 609 178 LIBER
634 141 836 185 xxxxv,
863 139 1009 174 20-22.
1037 141 1085 182 [a.
1101 138 1239 182 O.1ss7]
1315 152 1318 155 -
1443 129 1523 170 169

171 249 357 293 Rhodios
394 262 479 288 non
514 247 572 287 ita
608 245 776 287 meritos
812 259 860 285 eo
900 243 1029 292 bello,
1072 250 1118 283 ut
1154 243 1384 284 amicorum
1420 235 1521 298 [ac]

175 313 380 354 sociorum
402 323 576 350 numero
601 307 783 348 habendi
809 307 902 347 sint.
945 306 1009 347 his
1035 306 1185 347 auditis
1210 313 1523 361 prostraverunt

172 390 215 416 se
251 387 394 414 omnes
431 371 566 419 humi,
610 370 907 422 consulemque
944 376 983 409 et
1027 375 1198 409 cunctos
1243 368 1315 421 qui
1352 369 1525 409 aderant

171 443 354 482 orantes,
391 449 443 474 ne
478 447 588 473 nova
623 432 812 485 falsaque
844 430 1017 471 crimina
1047 431 1140 484 plus
1172 430 1318 471 obesse
1349 430 1524 471 Rhodiis

171 512 318 538 aecum
338 502 554 537 censerent
573 509 700 548 quam
720 494 892 546 antiqua
910 492 1070 542 merita,
1096 507 1275 547 quorum
1292 492 1373 547 ipsi
1398 499 1524 533 testes

171 565 320 600 essent.
358 557 567 612 extemplo
592 563 708 597 veste
735 555 902 596 sordida
927 562 1093 609 sumpta
1119 555 1264 596 domos
1287 553 1524 608 principum

171 635 267 661 cum
298 620 492 674 precibus
525 633 574 660 ac
596 617 786 659 'lacrimis
812 618 1088 659 circumibant
1113 624 1296 666 orantes,
1333 624 1380 657 ut
1408 616 1523 670 prius

171 689 471 737 cognoscerent
497 696 667 722 eausam
692 694 819 733 quam
845 679 1183 720 condemnarent.

254 744 387 784 XXI.
425 744 502 784 M’.
517 743 734 784 Iuventius
751 743 915 783 Thalna
938 749 1117 796 praetor,
1145 741 1261 783 cuius
1286 741 1392 782 inter
1412 740 1523 781 cives

172 814 213 848 et
236 806 478 861 peregrinos
503 805 732 846 iurisdictio
759 812 860 854 erat,
886 804 1088 859 populum
1114 803 1313 844 adversus
1337 803 1524 844 Rhodios

172 869 390 918 incitabat,
415 869 758 923 rogationemque
783 868 1142 922 promulgaverat,
1169 874 1213 907 ut
1238 866 1413 907 Rhodiis
1439 865 1526 906 bel-

173 931 261 970 lum
286 930 550 979 indiceretur,
577 937 615 971 et
636 946 688 971 ex
713 930 1026 984 magistratibus
1046 929 1134 970 eius
1160 929 1258 969 anni
1282 928 1524 982 deligerent,

175 992 246 1045 qui
272 993 326 1033 ad
353 992 397 1032 id
427 993 583 1033 bellum
609 1007 704 1033 cum
730 993 861 1033 classe
886 992 1138 1040 mitteretur,
1165 1006 1208 1032 se
1234 1006 1329 1032 eum
1355 1005 1525 1045 sperans

174 1056 363 1096 futurum
396 1070 498 1096 esse.
560 1055 657 1096 huic
689 1055 841 1096 actioni
865 1055 928 1095 M.
954 1054 1165 1095 Antonius
1190 1062 1231 1094 et
1254 1053 1317 1093 M.
1342 1053 1527 1107 Pompo-

174 1118 266 1158 nius
298 1117 455 1158 tribuni
483 1117 617 1171 plebis
650 1117 991 1158 adversabantur.
1053 1116 1127 1157 sed
1152 1123 1191 1157 et
1221 1122 1387 1170 praetor
1416 1129 1525 1155 novo

175 1180 368 1232 maloque
389 1180 579 1233 exemplo
598 1194 686 1220 rem
710 1179 923 1233 ingressus
944 1186 1044 1227 erat,
1070 1178 1182 1231 quod
1206 1192 1290 1217 non
1312 1188 1407 1217 ante
1430 1191 1528 1217 0011-

175 1242 284 1282 sulto
321 1250 486 1289 senatu,
529 1256 612 1281 non
649 1241 889 1281 consulibus
926 1240 1171 1281 certioribus
1208 1239 1328 1280 factis
1365 1240 1416 1280 de
1452 1254 1528 1279 sua

174 1304 297 1344 unius
341 1302 545 1343 sententia
586 1302 847 1356 rogationem
892 1302 1037 1350 ferret,
1086 1302 1241 1343 vellent
1282 1301 1527 1342 iuberentne

174 1365 349 1406 Rhodiis
381 1365 536 1405 bellum
568 1364 714 1412 indici,
753 1379 849 1404 cum
876 1372 999 1404 antea
1025 1379 1188 1418 semper
1218 1364 1333 1418 prius
1359 1371 1526 1404 senatus

177 1428 227 1469 de
253 1428 361 1468 bello
387 1427 600 1468 consultus
626 1434 753 1474 esset,
786 1425 936 1466 deinde
963 1425 1036 1480 [ex
1068 1423 1335 1479 auctoritate]
1360 1433 1528 1478 patrum

175 1490 229 1530 ad
257 1490 460 1544 populum
484 1489 635 1537 latum,
673 1496 713 1529 et
746 1488 901 1528 tribuni
931 1487 1084 1542 plebis,
1122 1502 1218 1528 cum
1247 1487 1306 1527 ita
1331 1487 1528 1528 traditum

176 1559 302 1600 esset,
335 1566 388 1592 ne
413 1551 505 1604 quis
536 1551 652 1604 prius
677 1550 953 1591 intercederet
977 1550 1061 1604 legi
1087 1564 1214 1603 quam
1238 1549 1409 1603 privatis
1436 1564 1531 1589 sua-

177 1614 302 1655 dendi
327 1613 680 1666 dissuadendique
710 1613 848 1668 legem
878 1621 1062 1667 potestas
1095 1613 1207 1653 sacta
1233 1618 1360 1659 esset,
1397 1626 1530 1665 eoque

175 1691 376 1731 persaepe
409 1675 635 1724 evenisset,
671 1682 716 1715 ut
748 1682 789 1716 et
819 1675 891 1728 qui
923 1689 1006 1715 11011
1036 1675 1212 1730 professi
1239 1683 1377 1715 essent
1401 1689 1444 1715 se
1469 1674 1531 1714 in-

176 1745 449 1786 tercessuros,
489 1737 788 1778 animadversis
818 1737 913 1777 vitis
945 1737 1049 1791 legis
1076 1752 1126 1778 cx
1153 1736 1338 1777 oratione
1370 1736 1532 1776 dissua-

177 1800 363 1840 dentium
383 1799 699 1847 intercederent,
725 1807 766 1839 et
786 1799 857 1852 qui
880 1799 933 1839 ad
957 1798 1298 1840 intercedendum
1320 1798 1532 1839 venissent

179 1863 424 1903 desisterent
454 1862 552 1902 victi
584 1862 900 1902 auctoritatibus
932 1862 1197 1902 suadentium
1232 1862 1383 1915 legem.
1443 1868 1533 1902 tum

178 1925 285 1965 inter
315 1931 550 1978 praetorem
581 1924 852 1977 tribunosque
885 1924 1024 1965 omnia
1054 1924 1344 1978 intempestive
1381 1923 1534 1978 agendi

179 1993 389 2027 certamen
415 1993 522 2034 erat3
556 1985 712 2025 tribuni
742 1985 1051 2026 festinationem
1081 1985 1283 2040 praetoris
1309 1993 1404 2026 ante
1429 1997 1534 2025 tem-

179 2064 257 2103 pus
282 2047 577 2088 intercedendo
604 2046 635 2102 [.
651 2079 660 2087 .
679 2046 711 2101 .]
737 2047 780 2087 in
804 2048 1031 2088 adventum
1056 2048 1112 2087 im
1130 2046 1158 2101 [.
1174 2078 1183 2087 .
1199 2046 1228 2102 .]

264 2110 420 2150 XXII.
451 2107 560 2164 [....]
588 2114 682 2158 ί031,
708 2110 1073 2163 peccaverimusne
1099 2108 1236 2150 adhuc
1262 2108 1436 2148 dubium
1458 2115 1532 2157 est,

180 2187 355 2227 poenas,
387 2171 637 2225 ignominias
663 2186 805 2211 omnes
837 2171 921 2210 iam
946 2171 1139 2224 patimur.
1188 2178 1330 2217 antea,
1357 2168 1535 2210 Cartha-

180 2233 440 2288 giniensibus
484 2233 624 2281 victis,
662 2232 881 2286 Philippo,
921 2232 1132 2273 Antiocho
1168 2231 1395 2286 superatis,
1439 2246 1536 2272 cum

181 2296 362 2336 Romam
387 2294 659 2344 venissemus,
686 2310 737 2335 ex
761 2294 929 2348 publico
950 2294 1127 2349 hospitio
1148 2294 1191 2335 in
1210 2294 1367 2335 curiam
1392 2302 1536 2348 gratu-

181 2358 314 2398 latum
338 2357 470 2406 vobis,
496 2364 634 2411 patres
660 2357 894 2411 conscripti,
921 2372 972 2397 ex
998 2357 1112 2398 curia
1135 2357 1178 2397 in
1200 2355 1456 2411 Capitolium
1482 2355 1535 2396 ad

184 2420 284 2460 deos
316 2426 475 2459 vestros
501 2419 610 2459 dona
641 2418 840 2469 ferentes,
877 2434 989 2460 nunc
1014 2434 1064 2460 ex
1097 2419 1262 2460 sordido
1294 2418 1534 2467 diversorio,

183 2482 254 2522 vix
278 2481 473 2522 mercede
494 2481 663 2536 recepti,
689 2496 737 2522 ac
760 2496 890 2536 prope
915 2481 1097 2522 hostium
1116 2495 1231 2523 more
1251 2488 1367 2522 extra
1388 2480 1535 2521 urbem

184 2559 352 2585 manere
377 2543 501 2591 iussi,
526 2544 569 2584 in
593 2544 672 2584 1100
699 2543 889 2597 squalore
914 2544 1104 2585 venimus
1129 2545 1171 2585 in
1196 2544 1354 2585 curiam
1380 2543 1536 2583 Roma-

185 2621 282 2647 nam
308 2605 481 2655 Rhodii,
519 2620 623 2660 quos
654 2606 878 2661 provinciis
910 2622 1044 2661 nuper
1074 2607 1207 2661 Lycia
1240 2613 1364 2659 atque
1397 2603 1536 2652 Caria,

1552 565 1591 594 10

1555 1497 1572 1525 6

1563 2432 1580 2460 10
