1804 2926
502 146 654 179 LIBER
678 144 880 188 xxxxv,
906 143 960 177 23.
989 146 1037 186 [a.
1054 144 1189 187 0167]
1438 135 1516 176 171
1557 192 1563 197 ,

168 251 425 306 amplissima
449 248 686 302 accepimus
712 263 736 287 a
761 247 892 288 vobis.
955 246 1002 295 si,
1027 261 1134 301 quac
1159 254 1297 288 vestra
1320 261 1432 288 nunc
1457 256 1517 289 est

169 315 336 355 fortuna
372 311 493 353 defun
538 310 795 364 benignitate
832 316 873 350 et
909 309 1060 350 virtute
1096 319 1252 359 vestra,
1290 325 1339 351 ea
1373 310 1519 351 Persei

169 375 333 423 fuisset,
367 381 408 414 et
437 372 623 428 praemia
654 367 828 426 petitum
855 371 908 412 ad
938 372 1137 412 victorem
1168 387 1311 427 regem
1336 372 1520 413 venisse-

167 452 259 478 mus
282 436 325 477 in
339 434 647 483 Macedoniam,
673 434 775 488 quid
798 433 966 474 tandem
994 434 1249 475 diceremus?
1285 434 1518 488 pecuniane

169 514 193 540 a
227 498 347 539 nobis
385 496 575 537 adiutum
611 511 664 536 an
700 496 935 536 frumento?
976 496 1139 536 auxiliis
1171 496 1433 537 terrestribus
1467 511 1521 536 an

168 559 413 601 navalibus?
438 558 563 612 ⁴quod
587 557 844 613 praesidium
869 557 1051 599 tenuisse
1075 558 1176 598 nos?
1211 558 1283 598 ubi
1308 572 1519 613 pugnasse

169 628 240 662 aut
266 621 343 662 sub
367 620 477 661 illius
505 620 682 662 ducibus
711 618 818 674 [aut]
846 634 922 674 per
944 634 1018 660 nos
1049 619 1186 674 ipsos?
1223 619 1258 660 si
1289 626 1519 673 quaereret,

168 683 241 724 ubi
275 682 394 723 miles
431 690 591 732 noster,
627 681 701 722 ubi
731 682 850 722 navis
880 682 988 722 intra
1017 681 1226 736 praesidia
1255 696 1332 722 sua
1360 681 1520 729 fuisset,

169 745 270 798 quid
305 744 678 798 responderemus?
726 759 896 784 causam
932 744 1109 784 fortasse
1152 743 1382 784 diceremus
1420 750 1522 797 aput

170 807 383 856 victorem,
409 821 534 860 quem
559 806 613 847 ad
637 805 808 846 modum
833 812 934 860 aput
957 820 1031 846 vos
1058 805 1246 846 dicimus.
1306 805 1385 846 hoc
1410 804 1520 845 enim

169 870 329 924 legatos
360 876 538 922 utroque
567 867 655 923 [de]
683 882 785 922 pace
810 867 1013 908 mittendo
1039 867 1251 909 consecuti
1282 882 1444 916 sumus,
1475 874 1523 907 ut

170 931 224 972 ab
247 938 395 972 neutra
419 938 537 985 parte
561 930 740 985 gratiam
759 931 972 977 iniremus,
998 929 1050 970 ab
1072 930 1201 970 altera
1222 929 1347 970 etiam
1367 929 1521 970 crimen

171 1000 213 1034 et
235 993 466 1047 periculum
492 1000 612 1034 esset.
650 1006 906 1046 quamquam
930 991 1112 1032 Perseus
1137 1006 1234 1033 vere
1259 991 1454 1039 obiceret,
1479 991 1522 1030 id

170 1054 282 1108 quod
313 1069 387 1095 vos
412 1068 496 1095 non
526 1054 717 1109 potestis,
754 1062 892 1108 patres
931 1053 1170 1108 conscripti,
1206 1068 1282 1094 nos
1318 1053 1522 1107 principio

170 1116 267 1157 belli
292 1116 454 1157 misisse
474 1116 528 1157 ad
551 1130 625 1157 vos
650 1117 824 1170 legatos,
850 1115 923 1169 qui
942 1116 1237 1170 pollicerentur
1256 1115 1387 1164 vobis,
1413 1129 1521 1168 quae

171 1178 225 1219 ad
250 1178 406 1219 bellum
431 1193 534 1232 opus
561 1186 712 1227 essent,
737 1178 929 1226 navibus,
955 1177 1100 1226 armis,
1126 1178 1342 1218 iuventute
1367 1184 1521 1225 nostra,

171 1241 277 1281 sicut
300 1240 507 1295 prioribus
539 1240 677 1289 bellis,
714 1240 767 1280 ad
798 1240 938 1280 omnia
967 1247 1134 1293 paratos
1159 1239 1262 1281 fore.
1320 1255 1373 1280 ne
1403 1254 1524 1293 prae-

170 1310 394 1351 staremus,
430 1317 504 1356 per
534 1316 608 1342 vos
641 1302 771 1350 stetit,
809 1302 881 1355 qui
907 1302 958 1342 de
982 1315 1247 1355 quacumque
1278 1316 1404 1342 causa
1434 1309 1524 1341 tum

172 1364 381 1419 aspernati
405 1372 547 1404 nostra
571 1364 725 1404 auxilia
745 1363 855 1404 estis.
893 1377 1029 1416 neque
1054 1363 1230 1404 fecimus
1255 1363 1382 1418 igitur
1407 1362 1524 1416 quic-

171 1441 297 1480 quam
317 1424 570 1480 tam[quam]
594 1425 747 1474 hostes,
772 1439 908 1478 neque
933 1425 1139 1465 bonorum
1158 1425 1365 1466 sociorum
1390 1423 1524 1464 defui-⁷

170 1504 263 1529 mus
288 1488 447 1536 officio,
486 1488 559 1529 sed
584 1503 608 1528 a
632 1487 750 1528 vobis
783 1487 979 1542 prohibiti
1004 1494 1216 1541 praestare
1241 1486 1523 1540 nequivimus.

170 1550 305 1603 “quid
328 1550 480 1605 igitur?
510 1549 667 1590 nihilne
692 1549 850 1590 factum
870 1563 1006 1602 neque
1025 1549 1182 1590 dictum
1207 1556 1269 1590 est.
1292 1548 1336 1589 in
1357 1548 1523 1589 civitate

170 1620 327 1662 vestra,
359 1612 531 1662 Rhodii,
569 1612 682 1665 quod
718 1612 902 1661 nolletis,
939 1625 1022 1665 quo
1058 1611 1206 1652 merito
1243 1611 1525 1652 offenderetur

171 1675 350 1729 populus
364 1674 640 1716 Ro1nanus?”
665 1674 732 1715 hic
757 1674 840 1714 iam
862 1688 947 1714 non
972 1673 1085 1727 quod
1109 1673 1267 1714 factum
1294 1680 1356 1714 est
1381 1673 1526 1714 defen-

172 1752 293 1778 surus
320 1735 452 1791 [sum]
480 1761 535 1765 -—
559 1751 643 1777 non
669 1737 773 1777 adeo
798 1736 960 1776 insanio
984 1760 1060 1785 —‚
1092 1735 1166 1776 sed
1190 1735 1401 1790 publicam
1427 1749 1525 1775 cau-

174 1814 263 1839 sam
288 1814 312 1839 a
343 1799 601 1853 privatorum
627 1800 750 1853 eulpa
776 1806 1086 1854 segregaturus.
1146 1799 1262 1838 nulla
1289 1796 1435 1852 [enim]
1464 1805 1526 1837 est

173 1861 339 1910 civitas,
364 1875 472 1914 quae
495 1876 580 1901 non
605 1868 645 1902 et
668 1861 879 1915 improbos
905 1861 1016 1902 cives
1042 1861 1267 1914 aliquando
1293 1868 1333 1901 et
1357 1859 1525 1914 imperi-

174 1932 259 1962 tam
283 1922 593 1963 multitudinem
619 1937 782 1976 semper
807 1922 971 1963 habeat.
1020 1923 1144 1963 etiam
1170 1929 1271 1976 aput
1296 1937 1370 1962 vos
1395 1921 1524 1962 fuisse

175 1983 315 2024 audivi
340 1984 411 2036 qui
436 1984 692 2024 adsentando
717 1984 973 2024 multitudini
996 1991 1299 2038 grassarentur,
1325 1990 1365 2023 et
1391 1997 1525 2023 seces—

175 2046 277 2087 sisse
308 2046 532 2098 aliquando
567 2061 592 2086 a
621 2046 739 2086 vobis
775 2046 941 2100 plebem
973 2061 1050 2086 nec
1080 2045 1123 2086 in
1152 2052 1358 2099 potestate
1388 2052 1527 2085 vestra

175 2123 263 2149 rem
293 2108 504 2162 publicam
535 2108 677 2149 fuisse.
739 2107 772 2148 si
807 2107 886 2148 hoc
917 2107 959 2147 in
989 2107 1066 2148 hac
1103 2115 1188 2147 tam
1223 2107 1330 2148 bene
1365 2115 1526 2147 morata

176 2170 343 2211 civitate
375 2169 562 2210 accidere
593 2169 749 2224 potuit,
786 2169 926 2208 mirari
951 2169 1173 2222 quisquam
1197 2175 1331 2222 potest
1364 2168 1525 2221 aliquos

176 2231 306 2272 fuisse
331 2239 432 2285 aput
456 2246 544 2280 nos,
569 2232 640 2285 qui
666 2232 775 2286 regis
801 2231 1025 2271 amicitiam
1050 2238 1238 2285 petentes
1263 2231 1428 2284 plebem
1452 2245 1526 2271 no-

177 2306 304 2335 stram
330 2293 509 2334 consiliis
535 2294 836 2348 depravarent?
871 2293 943 2346 qui
967 2301 1106 2334 tamen
1130 2293 1233 2333 nihil
1257 2293 1365 2333 ultra
1385 2294 1527 2334 value-

177 2363 274 2397 runt
304 2369 431 2408 quam
461 2363 507 2395 ut
538 2356 580 2395 in
612 2356 749 2396 officio
783 2370 1051 2397 cessaremus.
1111 2369 1195 2395 non
1224 2355 1458 2409 praeteribo
1483 2355 1527 2395 id

178 2418 291 2472 quod
320 2416 615 2473 gravissimum
646 2425 707 2458 est
736 2418 781 2458 in
810 2417 888 2458 hoc
920 2417 1029 2459 bello
1060 2417 1215 2458 crimen
1247 2417 1423 2457 civitatis
1453 2432 1528 2457 no-

179 2488 308 2520 strae:
341 2480 502 2534 legatos
528 2479 673 2521 eodem
699 2488 884 2534 tempore
910 2487 950 2521 et
974 2480 1026 2520 ad
1051 2494 1125 2520 vos
1151 2487 1191 2520 et
1216 2480 1269 2520 ad
1294 2479 1450 2521 Persea
1475 2479 1526 2520 de

178 2556 281 2595 pace
306 2542 493 2582 misimus
503 2558 513 2590 ;
540 2542 653 2595 quod
676 2542 821 2583 infelix
848 2541 1066 2583 consilium
1091 2542 1286 2591 furiosus,
1313 2550 1359 2582 ut
1382 2549 1527 2596 postea

181 2603 434 2652 audivimus,
467 2612 603 2645 orator
635 2604 924 2645 stultissimum
954 2604 1070 2653 fecit,
1109 2619 1233 2658 quem
1259 2604 1317 2645 sic
1341 2604 1524 2644 locutum

1543 447 1562 476 [ὗ

1553 2115 1593 2144 10

1554 2362 1592 2390 11

1556 2613 1592 2641 12
