1804 2926
542 150 693 183 LIBER
718 149 922 194 XXXXV,
950 151 981 184 1.
1008 154 1059 192 [a.
1074 149 1114 185 C.
1130 152 1212 194 168]
1472 144 1553 184 151

205 254 294 287 socii
306 263 374 286 nec
387 255 574 295 tamquam
586 250 710 284 hostes
719 251 867 284 dimissi.
893 251 1114 286 Macedonia
1128 252 1162 286 in
1178 252 1386 297 provinciae
1400 253 1553 287 formam

203 304 353 338 redacta
371 301 550 335 Aemilius
569 301 724 345 Paulus,
749 302 1043 347 repugnantibus
1068 304 1244 337 militibus
1270 304 1382 348 ipsius
1405 309 1554 348 propter

202 354 376 388 minorem
389 353 565 397 praedam
580 357 616 387 et
635 354 910 388 contradicente
926 354 1002 388 Ser.
1021 354 1183 399 Sulpicio
1199 356 1332 399 Galba,
1353 358 1554 401 triumpha-

202 405 253 438 vit
272 408 309 438 et
327 403 467 438 Persen
488 414 569 436 cum
589 403 705 437 tribus
724 403 810 437 filiis
830 405 932 438 duxit
951 410 1035 439 ante
1056 417 1209 440 currum.
1259 408 1362 441 cuius
1381 407 1555 451 triumphi

202 455 344 489 laetitia
363 466 409 489 ne
431 454 548 488 solida
569 455 601 488 ei
623 455 865 499 contingeret,
893 455 1045 489 duorum
1071 456 1228 491 filiorum
1255 458 1446 492 funeribus
1469 458 1554 490 insi-

202 506 306 552 gnita
325 509 390 548 est,
418 516 569 550 quorum
589 505 737 539 alterius
751 517 847 539 mors
867 507 1087 551 triumphum
1102 510 1218 552 patris
1230 509 1442 554 praecessit,
1465 509 1553 544 alte—

201 558 276 591 rius
296 561 424 592 secuta
443 561 508 591 est.
558 557 711 591 lustrum
737 569 759 591 a
786 559 997 592 censoribus
1023 561 1210 594 conditum
1235 565 1308 604 est,
1333 572 1445 595 censa
1471 564 1555 593 sunt.

202 608 332 642 civium
346 608 469 652 capita
482 611 649 642 trecenta
662 608 854 642 duodecim
867 609 967 643 milia
981 611 1195 656 octingenta
1208 611 1379 655 quinque.
1404 611 1554 644 Prusias

201 659 399 703 Bithyniae
419 670 482 692 rex
500 659 664 702 Romam,
693 663 733 692 ut
758 660 901 693 senatui
921 661 1061 705 gratias
1081 666 1209 707 ageret
1228 661 1274 696 ob
1298 661 1486 695 victoriam
1513 673 1555 695 ex

202 710 420 744 Macedonia
439 714 593 753 partam,
615 710 713 743 venit
733 714 769 744 ct
782 710 1008 745 Nicomeden
1026 711 1141 746 filium
1161 712 1305 746 senatui
1324 712 1553 746 commenda-

201 760 262 794 vit.
299 772 360 794 rex
373 760 504 805 plenus
519 760 742 794 adulationis
756 761 927 796 libcrttun
941 774 978 796 se
992 763 1118 807 populi
1134 763 1288 797 Romani
1303 763 1480 804 dicebat]

674 1047 857 1097 TITI
898 1047 1091 1098 ‘LIVI

580 1138 658 1175 AB
691 1139 853 1176 vi-nffl
887 1138 1175 1177 coxm'rA

693 1268 846 1301 LIBER
871 1268 1069 1302 XXXXV.

291 1374 324 1412 I.
362 1372 573 1413 Victoriae
603 1371 757 1419 nuntii,
793 1370 846 1422 Q.
873 1371 1031 1411 Fabius
1058 1380 1096 1412 et
1122 1371 1174 1411 L.
1202 1371 1408 1412 Lentulus
1435 1380 1473 1413 et
1500 1372 1552 1424 Q.

203 1435 423 1483 BIetellus,
450 1442 606 1487 quanta
630 1434 765 1488 potuit
791 1433 979 1474 adhiberi
1004 1433 1233 1482 festinatio,
1260 1435 1447 1475 celeriter
1472 1434 1556 1474 Ro-

204 1512 315 1536 mam
341 1512 435 1537 cum
456 1497 678 1544 venissent,
705 1503 971 1550 praeceptam
997 1504 1137 1536 tamen
1158 1496 1246 1536 eius
1272 1497 1331 1537 rei
1355 1496 1554 1537 laetitiam

202 1559 463 1599 invenerunt.
524 1567 672 1611 quarto
698 1566 792 1612 post
818 1558 884 1599 die
909 1572 1036 1611 quam
1062 1573 1157 1598 cum
1181 1573 1280 1612 rege
1307 1566 1368 1599 est
1393 1573 1556 1613 pugna-

202 1628 311 1669 tum,
349 1635 444 1661 cum
474 1620 518 1660 in
544 1620 652 1660 circo
683 1619 771 1659 ludi
802 1620 967 1668 fierent,
1004 1635 1193 1660 murmur
1217 1629 1388 1674 repente
1414 1620 1557 1674 populi

202 1690 288 1722 tota
314 1682 551 1736 spectacula
575 1682 771 1736 pervasit,
798 1692 1033 1736 pugnatum
1055 1682 1096 1722 in
1110 1682 1365 1724 Macedonia
1384 1690 1424 1723 et
1443 1682 1557 1722 devi-

203 1753 314 1784 ctum
335 1759 477 1798 regem
498 1760 602 1793 esse,
628 1744 724 1785 dein
749 1745 938 1784 fremitus
958 1744 1146 1793 increvit,
1171 1753 1382 1798 postremo
1403 1745 1558 1785 clamor

203 1805 521 1860 plausus[que],
566 1807 677 1846 velut
722 1816 833 1847 certo
880 1806 1026 1846 nuntio
1070 1806 1266 1847 victoriae
1311 1807 1452 1855 allato,
1496 1814 1557 1846 est

205 1876 384 1908 exortus.
424 1868 563 1908 mirari
587 1868 856 1922 magistratus
883 1876 922 1908 et
948 1882 1148 1920 quaerere
1174 1875 1386 1908 auctorem
1411 1882 1558 1921 repen—

205 1930 314 1969 tinae
345 1929 545 1977 laetitiam
583 1930 655 1982 qui
684 1941 907 1983 postquam
940 1931 1079 1970 nullus
1105 1938 1211 1977 erat,
1249 1930 1416 1970 evanuit
1442 1929 1559 1982 equi-

206 1991 301 2031 dem
331 1998 545 2042 tamquam
572 2001 708 2031 certae
740 1991 799 2030 rei
831 1991 1052 2044 gaudium,
1085 2005 1207 2032 omen
1239 2000 1378 2031 tamen
1402 1991 1557 2031 laetum

205 2052 409 2092 insidebat
436 2052 596 2092 animis.
635 2052 746 2104 quod
771 2060 992 2105 postquam
1018 2052 1126 2092 veris
1150 2053 1305 2092 nuntiis
1326 2052 1433 2092 Fabi
1446 2052 1560 2092 Len-

205 2114 364 2168 tulique
402 2123 441 2155 et
478 2114 641 2154 Metelli
678 2114 861 2154 adventu
896 2114 1106 2154 firmatum
1143 2122 1225 2162 est,
1263 2129 1358 2155 cum
1388 2114 1560 2154 victoria

205 2177 317 2231 ipsa,
361 2185 450 2216 tum
487 2176 662 2231 augurio
699 2176 931 2217 animorum
969 2191 1138 2216 suorum
1175 2176 1448 2217 laetabantur.
1520 2184 1561 2217 et

208 2239 336 2279 altera
371 2239 546 2278 traditur
583 2238 776 2279 circensis
816 2238 962 2278 turbae
1000 2252 1083 2278 non
1118 2237 1255 2278 minus
1293 2238 1436 2278 similis
1473 2238 1561 2278 veri

207 2299 375 2340 laetitia.
413 2309 508 2341 ante
535 2299 645 2340 diem
669 2300 861 2353 quintum
889 2300 1097 2340 decimum
1122 2299 1322 2340 kalendas
1338 2298 1560 2347 Octobres,

207 2362 402 2401 ludorum
428 2361 713 2402 Romanorum
739 2361 921 2402 secundo
948 2362 1027 2409 die,
1055 2360 1104 2402 C.
1131 2361 1296 2401 Licinio
1323 2361 1482 2402 consuli
1506 2361 1558 2401 ad

210 2423 434 2477 quadrigas
476 2423 700 2464 mittendas
739 2424 978 2464 escendenti
1014 2423 1276 2471 tabellarius,
1320 2423 1391 2476 qui
1428 2438 1472 2464 se
1509 2439 1561 2463 ex

210 2486 463 2526 Macedonia
496 2486 634 2526 venire
666 2485 839 2535 diceret,
876 2487 1082 2527 laureatas
1113 2486 1270 2526 litteras
1302 2484 1558 2540 [tradidisse]

212 2547 373 2587 dicitur.
434 2547 647 2601 quadrigis
680 2547 816 2588 missis
849 2548 991 2589 consul
1023 2562 1189 2588 currum
1223 2548 1482 2595 conscendit,
1521 2555 1561 2587 et.

213 2624 306 2649 cum
332 2624 404 2663 per
430 2609 584 2650 circum
609 2609 875 2650 reveheretur
901 2610 953 2650 ad
977 2610 1088 2651 foros
1114 2609 1323 2664 publicos,
1355 2610 1562 2650 laureatas

1583 1573 1600 1591 ὓ

1584 1758 1601 1786 3

1583 1882 1603 1910 4

1585 2067 1603 2095 5

1586 2189 1604 2218 G

1588 2561 1603 2588 'a'
