1804 2926
453 170 603 204 LIBER
629 169 836 213 XXXXII,
863 169 918 203 29.
938 170 993 204 30.
1021 172 1070 213 [a.
1086 168 1124 204 C.
1142 170 1216 204 172.
1235 171 1314 214 171]
1508 163 1559 202 51

289 274 535 316 XXVIIII.
573 273 624 313 P.
640 272 819 321 Licinio,
846 271 897 313 C.
914 271 1062 314 Cassio
1088 274 1328 315 consulibus
1354 289 1438 315 11011
1463 273 1563 314 urbs
1590 287 1607 314 1

205 348 365 381 tantum
383 337 521 378 Roma
545 350 622 377 nee
647 343 757 377 terra
775 336 912 385 Italia,
940 337 1011 377 sed
1039 351 1183 378 omnes
1209 353 1329 392 reges
1355 338 1564 379 civitates-

203 416 297 457 que,
323 415 431 454 quae
456 399 499 440 in
512 398 685 453 Europa
710 413 903 452 quaeque
929 399 970 439 in
985 399 1090 440 Asia
1115 408 1245 449 erant,
1274 409 1564 442 converterant

203 463 362 504 animos
388 462 432 502 in
459 476 603 502 euram
624 461 894 502 Macedonici
919 476 968 501 ae
989 461 1169 502 Romani
1197 463 1306 503 belli.
1344 462 1565 504 Eumenen

203 541 298 567 cum
318 532 437 565 vetus
458 524 601 564 odium
622 522 877 572 stimulabat,
903 532 993 564 tum
1013 539 1156 564 recens
1176 524 1250 573 ira,
1276 525 1390 578 (111011
1410 525 1564 566 5001010

201 587 346 629 Persei
371 601 502 641 prope
527 593 573 626 ut
598 585 783 626 victuma
807 594 1012 626 mactatus
1032 585 1211 640 Delphis
1233 595 1353 628 esset.
1390 587 1563 627 Prusias

202 649 426 704 Bithyniae
458 664 531 690 rex
563 656 763 690 statuerat
795 648 1003 689 abstinere
1036 649 1160 688 armis
1193 656 1232 689 et
1265 657 1463 690 eventum
1493 664 1565 690 ex-

201 722 388 767 pectare:
414 727 512 752 nam
536 725 673 765 neque
694 711 908 752 Romanos
933 725 1055 766 posse
1081 725 1260 764 aequom
1287 726 1455 753 censere
1477 710 1562 767 [se]

202 775 403 816 adversus
428 774 600 816 fratrem
625 774 767 814 uxoris
794 789 910 814 arma
935 774 1043 814 ferre
1069 781 1110 814 et
1135 782 1237 828 aput
1250 774 1409 816 Persea
1434 775 1564 815 victo-

202 853 288 878 rem
314 837 479 878 veniam
504 851 580 891 per
605 850 790 877 sororem
815 836 1123 891 impetrabilem
1150 836 1252 878 fore.
1312 837 1560 878 Ariarathes

203 899 507 954 Cappadocum
543 914 636 947 rex,
673 908 968 953 praeterquam
1000 899 1114 952 quod
1145 899 1346 940 Romanis
1381 913 1456 940 suo
1487 913 1562 939 no-

202 962 313 1002 mine
346 961 501 1002 auxilia
535 961 744 1015 pollicitus
770 969 877 1010 erat,
909 976 961 1002 ex
987 975 1070 1014 quo
1097 968 1159 1002 est
1188 961 1356 1002 iunctus
1382 961 1565 1002 Eumeni

204 1024 438 1072 adfinitate,
472 1024 513 1063 111
540 1023 680 1064 onmia
705 1024 803 1064 belli
828 1024 1029 1078 pacisque
1056 1038 1099 1064 se
1126 1024 1439 1065 consociaverat
1465 1039 1564 1065 0011-

203 1086 305 1127 silia.
367 1085 603 1126 Antiochus
641 1085 871 1127 inminebat
908 1086 1079 1139 quidem
1111 1086 1301 1140 Aegypti
1336 1076 1485 1141 regno,
1523 1095 1563 1128 et

202 1149 423 1204 pueritiam
454 1148 563 1203 regis
596 1155 636 1189 et
666 1147 858 1189 inertiam
890 1156 1077 1189 tutorum
1109 1164 1328 1203 spernens,
1361 1157 1401 1191 et
1433 1149 1566 1190 ambi-

201 1212 340 1267 gendo
367 1212 417 1252 110
445 1210 573 1252 Coele
601 1210 725 1265 Syria
751 1226 922 1252 eausam
947 1211 1046 1252 belli
1073 1227 1115 1252 se
1142 1212 1383 1253 habiturum
1409 1213 1565 1254 existu-

201 1274 342 1315 mabat
369 1282 673 1327 gesturumque
699 1274 741 1313 id
772 1274 887 1314 nullo
913 1274 1214 1328 impedimento
1240 1275 1453 1329 occupatis
1479 1275 1565 1316 Ro-

202 1336 334 1376 manis
368 1335 411 1375 in
446 1335 728 1375 Macedonico
766 1336 889 1376 bello.
952 1335 1065 1388 quod
1098 1334 1192 1390 [ad]
1229 1336 1385 1377 bellum
1423 1347 1562 1378 tamen

202 1398 341 1439 omnia
366 1407 404 1438 et
438 1412 511 1451 per
537 1411 633 1438 suos
664 1397 825 1452 legatos
859 1398 1021 1439 senatui
1052 1405 1091 1438 et
1124 1398 1213 1452 ipse
1244 1399 1394 1453 legatis
1421 1414 1564 1440 eorum

202 1460 321 1502 enixe
345 1459 554 1514 pollicitus
581 1466 681 1500 erat.
730 1459 1002 1502 Ptolemaeus
1034 1469 1204 1515 propter
1230 1469 1409 1502 aetatem
1441 1461 1564 1502 alieni

202 1522 326 1563 etiam
351 1530 440 1562 tum
466 1521 610 1562 arbitri
636 1529 743 1571 erat3
771 1530 929 1563 tutores
951 1530 991 1563 et
1015 1522 1174 1563 bellum
1199 1523 1400 1564 adversus
1414 1523 1565 1564 Antio-

202 1584 326 1626 chum
350 1583 574 1638 parabant,
600 1598 683 1637 quo
711 1584 970 1625 vindicarent
999 1583 1173 1626 Coelem
1200 1584 1388 1639 Syriam,
1415 1593 1455 1626 et
1480 1586 1565 1626 Ro-

201 1648 334 1688 manis
383 1647 523 1687 omnia
570 1647 876 1702 pollicebantur
924 1649 977 1689 ad
1019 1648 1346 1690 Macedonicum
1394 1649 1563 1690 bellum.

202 1710 430 1752 Masinissa
455 1717 495 1751 et
528 1709 738 1751 frumento
763 1711 937 1752 iuvabat
962 1711 1196 1760 Romanos,
1223 1719 1261 1753 et
1288 1712 1445 1753 auxilia
1470 1727 1564 1753 eum

203 1772 434 1827 elephantis
460 1772 800 1827 Misagenenque
830 1773 962 1814 filium
994 1774 1157 1816 mittere
1183 1774 1237 1815 ad
1263 1774 1420 1815 bellum
1444 1790 1566 1830 para-

204 1834 287 1874 bat.
348 1834 522 1875 consilia
558 1844 699 1877 autem
735 1836 778 1876 in
815 1850 982 1878 omnem
1020 1836 1233 1877 fortunam
1269 1837 1327 1877 ita
1365 1837 1567 1892 disposita

203 1896 405 1937 habebat:
443 1897 478 1937 si
510 1912 638 1951 penes
664 1898 878 1940 Romanos
905 1899 1080 1940 victoria
1106 1907 1235 1948 esset,
1274 1914 1370 1940 suas
1397 1914 1564 1953 quoque

203 1958 246 1999 in
271 1958 418 1999 eodem
445 1966 556 1999 statu
581 1975 799 2001 mansuras
826 1976 891 2002 res
918 1976 1022 2009 esse,
1048 1976 1185 2014 neque
1211 1962 1320 2002 ultra
1340 1962 1566 2014 quicquam

203 2021 478 2069 movendum,
510 2036 594 2062 non
626 2022 736 2062 enim
761 2037 957 2076 passuros
983 2019 1197 2063 Romanos
1230 2024 1314 2063 vim
1342 2016 1567 2078 Carthagi-

204 2083 419 2125 niensibus
458 2083 633 2133 adferri3
678 2085 711 2124 si
753 2084 911 2126 fractae
949 2093 1088 2126 essent
1125 2099 1225 2139 opes
1263 2086 1564 2135 Romanorum,

205 2161 313 2199 quae
356 2154 445 2186 tum
488 2154 757 2200 protegerent
799 2145 1192 2201 Carthaginienses,
1237 2162 1357 2187 suam
1399 2161 1566 2190 omnem

204 2208 394 2248 Africam
433 2207 535 2249 fore.
610 2207 790 2250 Gentius
826 2225 900 2250 rex
936 2209 1178 2263 Illyriorum
1220 2209 1377 2250 fecerat
1413 2211 1565 2264 potius,

205 2285 278 2312 cur
303 2279 522 2325 suspectus
551 2279 660 2311 esset
673 2271 890 2321 Romanis,
917 2286 1044 2325 quam
1067 2271 1166 2312 satis
1189 2278 1403 2320 statuerat,
1429 2279 1566 2313 utram

204 2332 366 2373 foveret
391 2340 573 2386 partem,
606 2333 853 2387 impetuque
884 2334 1018 2387 magis
1045 2348 1171 2387 quam
1203 2334 1373 2375 consilio
1398 2334 1463 2375 his
1494 2345 1567 2376 aut

204 2394 284 2434 illis
310 2409 353 2434 se
381 2394 652 2435 adiuncturus
681 2396 910 2436 videbatur.
956 2394 1088 2450 Cotys
1114 2395 1271 2445 Thrax,
1300 2394 1565 2451 Odrysarum
1616 2414 1622 2419 ·

204 2472 291 2505 rex,
317 2456 463 2497 Persei
488 2472 537 2497 ae
560 2457 847 2499 'AIacedonum
871 2459 1001 2513 partis
1027 2467 1128 2500 erat.

289 2517 447 2559 XXX.
484 2520 604 2560 Haec
630 2520 835 2561 sententia
859 2521 1030 2576 regibus
1051 2535 1147 2562 cum
1167 2528 1276 2562 esset
1296 2521 1347 2561 de
1374 2521 1496 2570 bello,
1521 2521 1564 2562 in

204 2581 344 2622 liberis
382 2581 578 2635 gentibus
622 2583 871 2637 populisque
909 2583 1028 2638 plebs
1066 2583 1223 2636 ubique
1260 2583 1395 2623 omnis
1432 2582 1563 2624 ferme

206 2642 414 2698 [favens],
452 2652 497 2684 ut
523 2644 645 2694 solet,
683 2645 958 2687 deterioribus
985 2654 1070 2687 erat
1107 2646 1160 2686 ad
1193 2661 1336 2700 regem
1361 2645 1564 2686 Macedo—

1301 2712 1345 2745 4*

1592 474 1609 504 10

1594 2095 1634 2124 io

1594 2220 1630 2248 11
