1804 2926
192 161 274 201 342

216 260 331 303 1131).
354 260 387 293 17
416 260 460 293 (lc
476 259 619 293 Latinis
633 261 787 295 Romam
809 273 902 296 com-

215 305 459 349 migrantibus
478 305 533 347 41,
555 306 588 348 8,
603 306 715 340 9—12
733 307 779 340 ef.
799 308 854 351 41,
870 310 902 349 9,

214 352 234 383 9
260 362 305 384 nc
327 350 385 383 cui
407 350 484 393 regi
499 349 654 384 Romam
673 353 797 386 venire
819 353 902 387 licc-

213 399 268 429 ret
283 394 322 428 P.
338 395 382 428 46
413 395 457 428 (16
472 396 640 429 iterando
655 397 847 431 consulatu
861 399 902 431 P.

212 442 256 473 56
287 440 332 474 dc
352 440 475 485 Cypro
495 441 685 484 provincia
704 442 746 476 P.
763 443 829 476 104
864 447 902 476 ut

211 485 380 520 Caesaris
395 487 625 519 consulatum
640 488 798 530 petentis
810 488 903 523 ratio

212 531 411 565 haberetur
437 531 600 565 absentis
624 532 667 565 P.
694 533 758 566 107
801 534 903 579 leges

212 576 505 621 dantur-Capuae
520 588 542 610 a
554 581 724 621 praetore
737 578 903 613 Romano

211 623 243 665 9,
259 622 314 664 20,
329 623 351 656 5
376 623 499 667 legum
518 621 753 657 ferendarum
772 623 828 657 ius
841 624 903 657 tri-

210 667 318 701 bunis
332 668 381 711 pl.
398 668 610 712 ademptum
625 668 665 701 P.
681 668 725 703 89
751 668 787 702 in
801 669 835 703 lc
866 681 904 703 es

210 712 332 746 iurant
346 712 583 758 magistratus
596 714 650 755 31,
667 714 721 757 50,
738 714 757 748 7
782 715 851 748 Aci
870 715 904 749 ia

211 757 375 791 Minucia
395 758 439 792 de
459 770 551 802 pace
566 770 649 792 cum
662 759 798 794 Poenis
812 759 901 794 faci-

210 803 307 837 enda
320 804 374 845 30,
390 803 445 845 43,
460 804 481 837 2
505 804 615 838 Aelia
629 805 673 839 de
688 805 830 839 duabus
844 816 901 839 co-

210 847 316 882 loniis
341 848 487 883 Latinis
511 849 566 893 34,
592 850 636 884 53
672 850 832 885 Aemilia
857 851 901 885 (16

209 904 387 928 censurae
406 895 525 938 spatio
545 895 744 930 minuendo
762 896 795 939 4,
810 896 865 939 24,
882 898 902 929 5

209 939 251 972 P.
266 938 312 973 cf.
327 940 456 983 9,33,4
479 941 644 974 Antonia
658 941 703 975 (16
718 946 900 986 permuta-

208 984 308 1019 tione
333 985 602 1028 provinciarum
624 987 662 1021 P.
679 987 743 1020 117
773 988 900 1031 Appu-

209 1030 282 1064 leia
296 1030 485 1064 Saturnini
499 1032 647 1076 agraria
660 1033 701 1065 P.
717 1033 760 1066 69
785 1033 897 1066 Atilia

209 1074 350 1110 Marcia
363 1076 407 1110 (16
422 1076 578 1110 tribunis
593 1078 665 1111 mil.
686 1078 812 1122 populi
827 1078 898 1112 suf-

208 1120 338 1166 fragiis
358 1122 525 1155 creandis
544 1123 576 1165 9,
596 1123 652 1166 20,
668 1124 689 1157 3
713 1123 841 1158 Atinia
855 1125 899 1158 de

209 1167 369 1211 quinque
382 1167 534 1201 coloniis
547 1168 737 1203 maritimis
751 1169 806 1212 32,
814 1170 869 1211 29,
880 1170 900 1202 3

208 1212 351 1246 Baebia
377 1213 421 1246 (16
452 1213 640 1257 quaternis
670 1215 899 1258 praetoribus

210 1257 361 1291 alternis
382 1259 487 1292 annis
508 1260 676 1293 creandis
689 1260 745 1303 40,
760 1261 805 1294 44
830 1260 898 1295 Ca—

208 1303 333 1337 nuleia
347 1303 391 1337 de
400 1304 557 1338 conubio
571 1308 716 1348 patrum
731 1309 767 1340 et
779 1305 899 1350 plebis

207 1348 240 1390 4,
256 1349 275 1382 1
300 1348 444 1392 perlata
456 1350 489 1391 4,
504 1351 536 1391 6,
551 1350 623 1384 3P.
649 1350 778 1385 Cassia
791 1363 897 1397 agra-

207 1393 263 1428 ria
281 1394 314 1437 2,
335 1394 390 1438 41,
411 1394 433 1427 3
451 1394 499 1428 cf.
518 1395 551 1438 2,
571 1396 626 1439 43,
642 1396 663 1429 3
699 1396 829 1432 Cincia
853 1397 897 1431 de

209 1438 314 1473 donis
340 1442 377 1473 et
395 1440 606 1474 muneribus
624 1442 680 1484 34,
694 1442 726 1484 4,
742 1442 762 1475 9
788 1442 895 1476 Clau-

208 1483 270 1517 dia
283 1484 327 1518 de
343 1489 497 1528 quaestu
512 1489 721 1519 senatorum
734 1487 789 1525 21,
805 1488 860 1531 63,
876 1489 897 1521 3

206 1529 248 1562 Ρ.
264 1529 383 1563 Clodii
399 1529 440 1563 P.
456 1531 521 1564 103
546 1530 740 1565 Corneliae
755 1531 896 1567 Cinnae

206 1574 247 1607 P.
265 1575 306 1608 79
332 1574 526 1609 Corneliae
540 1576 760 1611 Dolabellae
775 1577 819 1611 (16
833 1589 894 1611 116-

205 1619 259 1652 vis
272 1619 408 1653 tabulis
422 1621 464 1654 P.
475 1622 540 1654 113
565 1621 757 1656 Corneliae
769 1621 894 1667 Syllae

204 1664 247 1698 P.
267 1665 312 1699 89
341 1665 469 1699 Duilia
489 1666 661 1701 Menenia
680 1667 725 1701 de
743 1667 894 1703 faenore

204 1710 368 1745 unciario
384 1711 414 1753 7,
431 1712 474 1745 16
500 1710 690 1746 Genuciae
709 1724 754 1747 ne
769 1712 893 1748 faene-

203 1767 285 1790 rare
304 1755 432 1790 liceret
445 1760 482 1791 ct
494 1768 540 1791 ne
554 1757 634 1801 quis
649 1758 805 1792 eundem
819 1770 893 1793 ma-

203 1801 398 1846 gistratum
422 1802 519 1836 intra
543 1803 670 1837 decem
695 1814 810 1837 annos
834 1815 893 1838 ca-

202 1849 308 1890 peret
327 1846 358 1889 7,
373 1847 417 1880 42
442 1847 621 1881 Horatiae
634 1848 692 1882 vd.
707 1848 892 1883 Valeriae.

201 1891 308 1926 Icilia
327 1892 371 1925 de
390 1893 576 1927 Aventino
596 1893 628 1936 3,
644 1893 699 1936 32,
717 1894 736 1927 7
774 1894 891 1929 Iuliae

202 1936 371 1982 agrariae
392 1938 433 1971 P.
454 1938 520 1971 103
556 1937 724 1973 Liciniae
745 1938 891 1974 Sextiae

203 1983 247 2016 de
262 1993 346 2017 aere
361 1983 493 2026 alieno,
515 1983 634 2018 altera
646 1988 687 2017 ut
701 1985 891 2019 consulum

202 2028 329 2071 utiquc
361 2028 455 2062 alter
484 2040 528 2063 ex
558 2029 667 2073 plebe
693 2034 890 2074 crearetur,

202 2073 312 2107 tertia
336 2084 382 2107 116
408 2073 489 2118 quis
512 2075 595 2118 plus
615 2075 819 2120 quingenta
839 2076 889 2109 iu-

201 2130 292 2163 gera
316 2119 396 2164 agri
420 2120 626 2164 possideret
650 2121 687 2163 6,
714 2121 776 2163 35,
802 2122 824 2155 4
848 2121 890 2155 Ρ.

201 2163 348 2198 Licinia
374 2165 419 2199 de
439 2165 659 2210 epulonibus
676 2166 732 2209 33,
746 2166 791 2200 42
828 2167 889 2200 Li-

199 2210 280 2243 viae
301 2209 413 2244 Drusi
434 2211 604 2256 agrariae
627 2210 890 2247 frumentariae

199 2254 392 2290 iudiciaria
405 2255 447 2289 P.
461 2257 502 2290 71
542 2256 717 2291 Lucretia
736 2257 780 2291 de
801 2269 889 2303 agro

200 2299 389 2344 Campano
402 2302 458 2344 42,
475 2302 517 2335 19
542 2301 697 2336 Manilia
717 2302 762 2337 de
777 2302 889 2347 impe-

770 178 838 202 INI)
844 176 891 202 EX
917 176 1062 202 RERVM.

953 261 1100 305 quando
1119 261 1196 296 lata
1216 262 1262 295 sit
1282 263 1337 305 31,
1354 264 1384 306 1,
1400 263 1421 296 3
1452 263 1496 298 (16
1518 274 1563 298 ea
1577 264 1640 298 ab-

952 307 1118 351 roganda
1143 311 1329 341 certamen
1347 308 1395 342 ib.
1415 309 1436 342 2
1455 308 1497 342 Ρ.
1536 309 1640 343 abro—

953 357 1062 396 gatur
1075 354 1129 395 31,
1145 356 1177 395 8,
1193 355 1214 386 3
1226 353 1268 386 Ρ.
1305 353 1476 388 Poctelia
1501 354 1546 388 de
1566 365 1639 388 am-

952 397 1030 431 bitu
1052 398 1082 441 7,
1100 400 1152 441 15,
1171 399 1212 431 12
1249 399 1383 433 Porcia
1397 399 1500 443 gravi
1518 410 1640 443 poena

951 448 1122 477 sanxerat
1136 445 1165 477 si
1187 443 1267 488 quis
1285 444 1516 478 verberasset
1533 455 1640 478 neca-

951 492 1050 523 retve
1064 489 1179 523 civem
1194 489 1399 523 Romanum
1414 490 1466 532 10,
1476 491 1509 533 9,
1523 490 1545 522 4
1568 489 1640 523 Pu-

951 533 1056 568 blilia
1071 539 1109 569 ut
1129 534 1251 579 plebei
1271 535 1509 580 magistratus
1527 534 1639 568 tribu-

953 579 999 612 tis
1025 581 1182 614 comitiis
1208 579 1340 614 fierent
1363 580 1395 624 2,
1422 581 1477 622 56,
1503 580 1525 614 2
1567 579 1639 614 Ρ11-

951 626 1078 661 bliliae
1115 626 1402 672 secundissimae
1440 625 1564 670 plebei
1600 629 1641 659 ut

950 671 1147 715 plebiscita
1155 682 1279 705 omnes
1289 671 1450 711 Quirites
1458 674 1638 713 tenerent,

951 717 996 751 (16
1011 717 1221 751 auctoribus
1235 716 1402 761 patribus
1411 720 1496 751 ante
1511 716 1639 750 initum

950 762 1062 796 suffra
1094 763 1176 805 ium,
1198 763 1242 796 dc
1263 773 1413 796 censore
1434 762 1550 797 altero
1570 761 1638 796 uti-

951 818 1020 852 que
1044 819 1067 851 p
1085 808 1190 842 ebeio
1214 808 1247 851 8,
1275 808 1328 851 12,
1356 808 1399 841 15
1433 807 1570 842 Roscia
1594 807 1639 842 (lc

951 853 1115 897 equitum
1137 852 1285 887 sedibus
1311 852 1349 886 in
1373 853 1518 886 theatro
1539 853 1581 886 Ρ.
1595 853 1639 885 99

952 897 1190 942 Semproniae
1205 898 1249 931 de
1268 897 1419 932 faenore
1432 898 1488 941 35,
1499 898 1560 941 7,4
1580 898 1638 931 Ti.

951 942 1157 987 Sempronii
1184 942 1353 988 agrariae
1378 954 1424 976 116
1450 943 1530 987 quis
1555 943 1639 987 plus

950 988 1049 1022 mille
1068 988 1198 1032 iugera
1218 988 1298 1033 agri
1318 987 1457 1032 publici
1476 988 1638 1032 posside-

950 1038 1015 1075 ret,
1032 1037 1068 1067 et
1082 1038 1121 1067 ut
1135 1033 1311 1067 triumviri
1327 1034 1543 1077 iudicarent,
1566 1045 1639 1078 qua

948 1079 1118 1123 publicus
1143 1090 1217 1123 qua
1240 1078 1404 1123 privatus
1429 1090 1520 1124 ager
1544 1083 1640 1113 esset

948 1125 990 1158 P.
1004 1125 1048 1159 58
1062 1124 1278 1168 Sempronia
1292 1125 1336 1158 de
1352 1125 1509 1168 pecunia
1521 1124 1639 1158 Attali

947 1170 1034 1204 ibid.
1074 1170 1113 1204 C.
1136 1169 1342 1214 Sempronii
1367 1169 1532 1215 agraria,
1564 1170 1638 1204 fru-

951 1215 1144 1258 mentaria,
1171 1216 1216 1249 (16
1242 1219 1372 1249 senatu
1393 1227 1436 1249 ex
1455 1215 1638 1259 equitibus

948 1261 1154 1305 supplendo
1174 1261 1215 1294 P.
1230 1261 1274 1294 60
1300 1260 1446 1295 Sextiae
1466 1261 1524 1294 vd.
1540 1261 1636 1294 Lici-

946 1307 1029 1341 niae
1045 1306 1230 1350 Sulpiciae
1241 1307 1286 1341 de
1300 1306 1467 1340 exulibus
1481 1310 1517 1340 et
1530 1306 1637 1341 liber-

946 1352 1032 1386 tinis
1045 1352 1087 1385 P.
1103 1353 1144 1386 77
1182 1352 1388 1386 Terentilia
1412 1356 1453 1385 ut
1477 1352 1636 1396 quinque

945 1397 1011 1432 viri
1031 1401 1244 1432 crearentur
1262 1397 1407 1442 legibus
1427 1397 1472 1431 de
1486 1397 1637 1441 imperio

945 1443 1129 1477 consulari
1155 1442 1357 1476 scribendis
1382 1443 1414 1485 3,
1436 1443 1467 1484 9,
1488 1444 1509 1476 5
1547 1442 1634 1477 Tre-

945 1488 1066 1531 bonia,
1092 1491 1133 1521 ut
1147 1487 1207 1532 qui
1227 1487 1374 1531 plebem
1394 1487 1559 1521 tribunos
1580 1499 1634 1521 ro-

944 1536 1062 1577 garet,
1089 1543 1204 1576 usque
1225 1543 1266 1566 co
1280 1536 1445 1576 rogaret,
1473 1533 1559 1566 dum
1573 1533 1634 1567 de-

944 1590 1022 1612 cem
1043 1578 1225 1612 effecisset
1245 1578 1277 1620 3,
1293 1578 1347 1621 65,
1363 1578 1385 1611 4
1405 1578 1450 1611 cf.
1471 1579 1503 1619 5,
1520 1579 1573 1618 10,
1592 1580 1630 1611 11

943 1623 1117 1658 Valeriae
1143 1623 1323 1657 Horatiae
1355 1623 1400 1656 dc
1430 1623 1635 1667 plebiscitis

942 1672 1066 1712 patres
1074 1668 1296 1710 tenentibus,
1308 1669 1352 1702 de
1361 1669 1633 1712 provocatione,

944 1715 987 1747 (16
1026 1714 1221 1748 sanctitate
1253 1714 1482 1747 tribunorum
1512 1715 1550 1758 3,
1577 1716 1632 1758 55,

942 1759 1030 1793 :3—7
1056 1759 1209 1794 Valeria
1224 1759 1269 1793 de
1288 1759 1549 1802 provocatione
1562 1763 1633 1794 ter-

941 1804 1032 1838 tium
1047 1808 1178 1837 sancta
1192 1804 1246 1845 10,
1262 1804 1294 1845 9,
1309 1804 1330 1836 3
1355 1803 1470 1838 Villia
1489 1805 1633 1839 annalis

940 1850 995 1892 40,
1010 1849 1056 1883 44
1080 1849 1249 1884 Voconia
1273 1850 1318 1884 de
1338 1849 1551 1884 mulieribus
1570 1850 1632 1885 he-

941 1895 1090 1929 redibus
1104 1895 1146 1928 P.
1160 1895 1216 1928 41.

919 1940 1043 1974 Liberi
1058 1940 1291 1984 Liberaeque
1306 1940 1416 1974 aedes
1430 1940 1462 1984 3,
1477 1941 1531 1984 55,
1547 1941 1567 1975 7
1581 1941 1631 1975 ibi

939 1985 1162 2064 sigpplicgitio
1180 1986 1234 2028 41,
1255 1986 1310 2029 28,
1330 1986 1351 2019 2
1387 1985 1494 2031 signa
1517 1997 1634 2021 aenea

940 2032 971 2065 3·
987 2059 995 2073 ,
1009 2032 1065 2073 25,
1082 2031 1088 2041 ¹
1105 2057 1112 2064 .

918 2077 1135 2111 Liberorum
1154 2076 1395 2110 creandorum
1414 2088 1527 2111 causa
1546 2088 1631 2111 uxo-

939 2134 997 2156 res
1012 2121 1198 2156 ducendas
1219 2133 1298 2156 esse
1312 2121 1481 2156 omnibus
1497 2122 1539 2163 Q.
1555 2122 1631 2157 Me-

939 2167 1050 2202 tellus
1065 2178 1193 2201 censor
1206 2171 1332 2201 censet
1346 2167 1386 2200 P.
1401 2168 1456 2201 59.

918 2213 1088 2247 Libertas
1124 2212 1230 2247 victis
1268 2212 1482 2247 Tarentinis
1524 2213 1632 2248 datur

916 2302 1117 2338 Libertatis
1132 2303 1242 2338 aedes
1256 2304 1293 2337 in
1306 2302 1491 2338 Aventino
1504 2304 1559 2346 24,
1575 2305 1629 2346 16,

200 2346 252 2379 rio
267 2346 332 2379 Cn.
347 2346 502 2391 Pompei
521 2347 563 2381 P.
581 2348 647 2381 100
682 2347 824 2382 Manlia
844 2349 889 2383 de
939 2349 981 2382 19
1018 2348 1151 2383 atrium
1168 2349 1224 2390 25,
1246 2349 1277 2391 7,
1298 2349 1341 2382 12
1377 2349 1556 2383 refectum
1574 2350 1629 2392 34,

200 2390 374 2425 vicesima
398 2392 704 2426 manumissorum
730 2394 761 2433 7,
788 2394 842 2437 16,
871 2395 889 2428 7
937 2394 993 2436 44,
1008 2395 1029 2428 5
1043 2394 1089 2428 cf.
1105 2395 1160 2436 43,
1178 2395 1230 2435 16,
1247 2395 1307 2438 133
1320 2394 1376 2436 45,
1394 2395 1445 2437 15,
1460 2395 1493 2428 5.

201 2436 340 2471 Marcia
370 2437 428 2470 vd.
454 2438 588 2479 Atilia,
627 2438 801 2473 Menenia
829 2439 887 2473 vd.
916 2439 1188 2473 Libertinorum
1213 2439 1280 2473 filii
1298 2440 1335 2473 in
1356 2443 1523 2474 senatum
1543 2439 1629 2474 lecti

200 2481 336 2523 Duilia,
352 2481 392 2516 C.
408 2482 551 2517 Octavii
564 2483 609 2518 de
623 2483 838 2528 quaestione
853 2484 889 2518 in
938 2485 969 2527 9,
983 2485 1037 2527 46,
1054 2486 1097 2519 10
1109 2485 1152 2519 P.
1189 2485 1226 2519 in
1247 2488 1419 2529 quattuor
1438 2485 1554 2519 tribus
1573 2497 1626 2519 re-

200 2526 369 2561 Cacsaris
394 2539 626 2571 percussores
651 2529 825 2563 habenda
845 2530 886 2563 P.

202 2572 266 2604 120
289 2572 453 2606 ciusdem
472 2573 574 2619 leges
589 2574 631 2607 F.
645 2575 687 2608 51
704 2585 750 2608 aa
775 2574 887 2619 Ogul-

200 2616 262 2649 nia
274 2620 314 2649 ut
332 2618 539 2652 sacerdotia
558 2619 658 2662 plebi
673 2631 754 2653 cum
775 2620 887 2663 patri-

200 2660 267 2695 bus
281 2663 618 2698 communiaesscnt
626 2665 679 2708 10,
690 2665 721 2709 6,
732 2666 752 2699 6
767 2665 888 2710 Oppia

937 2530 1036 2564 dacti
1049 2530 1091 2564 P.
1101 2530 1147 2564 20
1170 2530 1207 2563 in
1222 2531 1357 2564 tribum
1370 2541 1482 2564 unam
1494 2529 1625 2574 Exqui-

936 2575 1050 2609 linam
1064 2575 1220 2610 coniecti
1233 2576 1290 2618 45,
1307 2577 1359 2617 15,
1370 2576 1390 2609 6
1415 2576 1452 2609 111
1467 2575 1626 2619 quinque

936 2624 974 2655 et
992 2620 1145 2666 triginta
1170 2621 1288 2655 tribus
1313 2620 1498 2654 distributi
1518 2620 1559 2653 P.
1581 2620 1625 2653 84

936 2666 983 2700 ad
1008 2666 1176 2700 militiam
1201 2666 1336 2711 sumpti
1358 2666 1410 2707 10,
1430 2666 1484 2708 21,
1504 2665 1543 2708 43
1568 2665 1623 2707 22,
