1804 2926
433 156 587 190 LIBER
611 154 819 198 xxxxii,
846 155 899 188 ss.
922 155 975 187 39.
1006 157 1054 196 [a.
1071 154 1110 188 c.
1128 155 1190 188 111
1196 159 1209 197 J
1446 148 1500 187 59

148 261 310 316 decepti
344 257 713 314 pollicitationibus
744 258 855 311 regis
886 257 1086 298 adversus
1120 259 1320 313 populum
1347 259 1502 300 Roma—

147 339 247 365 num
280 321 603 363 commisissent:
642 335 692 361 ea
722 320 956 374 corrigendi
988 320 1250 362 occasionem
1280 321 1360 362 illis
1387 322 1502 362 obla-

147 382 252 434 tam}
289 385 322 426 si
352 384 460 426 male
491 383 627 424 meriti
658 383 922 423 elementiam
952 383 1096 437 populi
1128 383 1310 425 Romani
1342 384 1502 438 experti

147 454 297 496 essent,
323 447 430 488 bene
455 446 653 487 merendo
679 445 972 486 liberalitatem
991 447 1291 501 experirentur.
1330 447 1502 488 Boeotis

147 510 457 564 exprobratum,
483 509 723 550 societatem
749 523 819 549 eos
846 523 941 549 cum
965 508 1122 550 Perseo
1148 509 1346 551 iunxisse.
1408 524 1503 550 cum

147 573 313 627 culpam
337 571 380 612 in
403 571 631 612 Ismeniam
661 571 893 625 principem
918 571 1086 612 alterius
1112 572 1242 626 partis
1268 572 1504 612 conferrent

146 641 186 675 et
221 633 424 687 quasdam
461 633 649 674 civitates
686 633 967 673 dissentientis
1004 633 1047 673 in
1084 648 1254 674 causam
1289 633 1504 682 deductas,

148 696 434 751 appariturum
470 695 514 736 id
551 710 640 736 esse
677 694 866 736 hIarcius
903 695 1135 750 respondit:
1181 695 1355 751 singulis
1393 696 1504 737 enim

146 758 382 799 civitatibus
419 758 471 799 de
508 773 551 799 se
593 757 694 812 ipsis
732 757 976 799 consulendi
1019 765 1268 812 potestatem
1304 758 1501 799 facturos.

145 820 442 861 Thessalorum
468 819 643 861 Larisae
677 819 756 860 fuit
788 820 1022 860 concilium.
1084 820 1143 860 ibi
1176 818 1258 875 [et]
1290 819 1503 860 Thessalis

148 883 328 937 benigna
362 882 536 923 materia
572 882 727 937 gratias
765 882 918 936 agendi
950 882 1151 922 Romanis
1189 897 1264 936 pro
1300 882 1503 923 libertatis

146 960 317 986 munere
348 944 442 993 fuit,
482 952 523 985 et
552 944 722 999 legatis,
759 944 872 997 quod
903 952 944 985 et
973 944 1160 999 Philippi
1190 945 1304 999 prius
1336 952 1376 985 et
1411 952 1503 999 post

146 1007 346 1048 Antiochi
378 1007 487 1047 bello
513 1006 633 1047 enixe
660 1006 791 1046 adiuti
823 1022 848 1047 a
871 1014 996 1061 gente
1022 1006 1321 1048 Thessalorum
1353 1014 1502 1048 essent.

147 1069 225 1110 hac
266 1078 412 1109 mutua
455 1068 847 1110 commemoratione
889 1069 1133 1109 meritorum
1176 1069 1340 1110 accensi
1378 1069 1503 1110 animi

146 1131 425 1172 multitudinis
458 1131 512 1172 ad
537 1131 676 1171 onmia
707 1131 969 1172 decernenda
995 1146 1101 1184 quae
1126 1131 1307 1172 Romani
1337 1131 1503 1172 vellent.

234 1192 479 1235 Secundum
503 1193 582 1233 hoc
614 1193 835 1234 concilium
865 1193 992 1247 legati
1018 1209 1042 1233 a
1066 1193 1223 1234 Perseo
1256 1209 1355 1248 rege
1380 1209 1506 1234 vene-

146 1263 260 1305 runt,
297 1255 447 1310 privati
480 1255 660 1296 maxime
686 1255 838 1309 hospiti
868 1255 1041 1304 fiducia,
1078 1256 1192 1308 quod
1217 1257 1254 1297 ei
1284 1263 1505 1310 paternum

147 1333 243 1359 cum
267 1317 430 1357 Marcio
456 1324 557 1357 erat.
619 1317 671 1356 ab
703 1316 827 1357 huius
858 1317 1178 1358 necessitudinis
1204 1332 1505 1358 commemora-

147 1380 258 1420 tione
284 1379 366 1420 orsi
396 1378 605 1433 petierunt
633 1379 780 1433 legati,
817 1378 860 1419 in
891 1379 1160 1432 conloquium
1191 1380 1386 1420 veniendi
1415 1380 1504 1433 regi

145 1448 395 1497 potestatem
419 1441 588 1482 faceret.
648 1440 837 1482 BIarciiis
863 1447 903 1482 et
935 1456 978 1482 se
1003 1441 1062 1482 ita
1088 1457 1112 1482 a
1136 1449 1253 1495 patre
1286 1456 1360 1482 suo
1387 1456 1505 1482 acce-

145 1504 255 1558 pisse
281 1503 396 1551 dixit,
424 1503 649 1544 amicitiam
674 1502 985 1557 hospitiumque
1012 1518 1108 1544 cum
1132 1503 1330 1558 Philippo
1356 1503 1504 1544 fuisse:

146 1567 315 1608 minime
346 1566 633 1607 immemorem
664 1566 982 1607 necessitudinis
1014 1566 1102 1607 eius
1136 1567 1388 1621 legationem
1414 1582 1506 1608 eam

146 1629 398 1684 suscepisse3
437 1629 725 1682 conloquium,
763 1629 795 1669 si
829 1629 928 1670 satis
961 1629 1178 1670 commode
1209 1630 1385 1677 valeret,
1422 1644 1507 1669 non

146 1691 275 1732 fuisse
302 1707 344 1732 se
371 1691 615 1740 dilaturum3
653 1706 785 1739 nunc,
824 1691 897 1731 ubi
928 1691 1109 1745 primum
1142 1699 1304 1746 posset,
1341 1691 1394 1732 ad
1423 1692 1507 1732 Pe-

146 1769 272 1795 neum
307 1753 482 1803 flumen,
529 1768 612 1807 qua
648 1754 846 1795 transitus
890 1755 942 1794 ab
980 1755 1178 1795 Homolio
1215 1754 1347 1795 Dium
1385 1762 1506 1802 esset,

146 1817 383 1872 praemissis
409 1816 480 1869 qui
504 1816 745 1858 nuntiarent
768 1817 871 1871 regi,
897 1826 1108 1858 venturos.

231 1878 526 1920 XXXVIIII.
564 1878 621 1918 Et
653 1886 743 1919 tum
774 1879 945 1932 quidem
970 1880 1023 1920 ab
1048 1880 1133 1920 Dio
1158 1880 1342 1922 Perseus
1371 1880 1414 1920 in
1444 1880 1507 1920 111-

147 1940 300 1982 teriora
324 1939 442 1994 regni
467 1940 613 1994 recipit
638 1955 681 1981 se
706 1941 788 1982 levi
813 1957 915 1981 aura
941 1942 1029 1995 spei
1055 1942 1231 1991 obieeta,
1257 1942 1370 1995 quod
1388 1942 1507 1982 Elar-

148 2003 236 2043 cius
261 2002 391 2056 ipsius
417 2017 544 2042 causa
576 2002 808 2056 suscepisse
835 2018 878 2043 se
910 2003 1163 2057 legationem
1189 2004 1380 2052 dixisset3
1413 2011 1506 2057 post

148 2065 236 2106 dies
273 2079 428 2119 paucos
466 2064 520 2104 ad
557 2065 829 2105 constitutum
865 2065 1005 2105 locum
1040 2072 1256 2106 venerunt.
1327 2080 1506 2119 magnus

149 2127 369 2168 comitatus
395 2126 474 2167 fuit
498 2126 639 2181 regius
659 2142 755 2167 euin
776 2126 1004 2167 amicorum
1024 2134 1113 2167 tum
1134 2127 1358 2167 satellitum
1384 2127 1507 2167 turba

150 2190 342 2244 stipante.
403 2204 487 2229 non
512 2189 670 2230 minore
697 2189 865 2242 agmine
894 2189 1023 2243 legati
1048 2196 1252 2230 venerunt
1278 2197 1318 2230 et
1343 2190 1396 2229 ab
1422 2189 1508 2230 La-

148 2252 231 2292 risa
275 2251 416 2291 multis
459 2251 809 2305 prosequentibus
853 2259 894 2292 et
937 2251 1217 2305 legationibus
1261 2251 1506 2299 civitatium,

149 2327 257 2366 quae
295 2321 575 2355 convenerant
606 2313 801 2353 Larisam
833 2320 873 2354 et
908 2313 1147 2354 renuntiare
1186 2313 1357 2354 domum
1394 2323 1506 2355 certa

147 2390 257 2428 ‚quae
291 2375 504 2416 audissent
534 2375 741 2416 volebant.
801 2375 936 2416 inerat
966 2390 1066 2416 cura
1102 2376 1225 2416 insita
1260 2376 1505 2416 mortalibus

149 2437 319 2477 videndi
350 2437 655 2491 congredientis
686 2437 870 2479 nobilem
894 2452 1037 2492 regem
1063 2445 1103 2478 et
1132 2438 1276 2492 populi
1307 2438 1505 2492 principis

150 2508 353 2539 terrarum
385 2499 569 2540 onmium
606 2500 780 2554 legatos.
840 2500 883 2540 in
914 2507 1142 2554 conspectu
1173 2508 1377 2541 steterunt
1408 2500 1506 2541 diri-

150 2568 287 2602 mente
313 2561 437 2601 anmi.
475 2561 686 2616 paulisper
710 2562 1050 2603 internuntiando
1072 2563 1280 2603 cunctatio
1306 2562 1398 2611 fuit,
1424 2563 1506 2602 utri

150 2624 551 2678 transgrederentur.
612 2624 769 2678 aliquid
798 2624 857 2665 illi
888 2624 1028 2680 regiae
1063 2625 1287 2674 maiestati,
1322 2623 1405 2680 [hi]
1432 2625 1506 2666 ali-

1536 1641 1574 1670 10

1535 2076 1551 2104 [ὑ
