1804 2926
252 158 330 199 100
510 167 663 202 LIBER
688 167 916 210 xxxxln,
947 168 997 200 15.
1023 167 1073 200 1⁴3.
1104 166 1349 210 [21.u.c.585]

245 271 374 324 signis
400 285 550 312 census
575 271 730 319 docuit,
756 271 796 311 in
824 271 1079 325 provinciam
1108 270 1333 323 cogebant3
1360 284 1508 311 causas
1535 271 1603 311 sti—

200 350 218 375 s
246 333 391 387 pendis.
408 331 631 387 [emeritis]
647 334 867 374 missorum
889 333 1199 386 cognoscebant
1220 341 1258 372 et
1280 332 1398 372 cuius
1419 332 1605 373 nondum

245 395 354 434 iusta
380 395 522 435 missio
548 395 638 435 visa
663 403 791 444 esset,
829 396 885 435 ita
916 395 979 435 ius
1012 395 1235 435 iurandum
1269 394 1497 447 adigebant
1533 399 1605 436 ‘ex

245 457 305 497 tui
331 457 459 497 animi
485 457 703 505 sententia,
729 465 773 497 tu
800 472 851 498 ex
877 458 1012 499 edicto
1037 457 1086 498 U.
1104 456 1271 504 Claudi,
1298 457 1363 496 Ti.
1381 456 1605 511 ‚Semproni

245 534 465 559 censorum
490 520 533 559 in
559 519 817 573 provinciam
843 520 1140 561 Macedoniam
1165 519 1340 567 redibis,
1378 519 1492 572 quod
1517 518 1605 560 sine

246 581 340 621 dolo
366 581 476 621 malo
502 581 640 622 faeere
665 581 865 636 p()teris?’

204 657 217 684 1
331 642 457 685 XVI.
494 643 542 684 In
557 644 767 697 equitibus
789 644 1053 685 recensendis
1073 644 1199 685 tristis
1222 644 1449 684 admodum
1463 659 1607 685 eorum

246 713 370 759 atque
404 721 551 760 aspera
585 721 761 747 censura
785 706 884 754 fuit3
917 706 1057 746 multis
1089 720 1217 759 equos
1245 706 1502 747 ademerunt.
1563 705 1606 746 in

249 783 298 808 ea
323 782 366 808 re
393 782 488 808 cum
514 777 751 821 equestrem
777 769 963 809 ordinem
991 768 1281 816 offendissent,
1308 769 1519 809 flammam
1543 768 1606 809 in-

246 829 381 870 vidiae
407 830 595 871 adiecere
621 830 770 878 edicto,
795 844 878 883 quo
900 830 1134 877 edixerunt,
1159 845 1211 869 nc
1232 830 1324 882 quis
1352 845 1509 879 eorum,
1534 830 1606 884 qui

246 889 479 941 Q.Fulvio,
505 891 560 930 A.
575 892 795 932 Postumio
822 891 1067 932 censoribus
1095 891 1263 944 publica
1288 891 1511 944 vectigalia
1535 900 1605 932 aut

246 953 354 992 ultro
392 952 548 993 tributa
585 953 902 1000 conduxissent,
941 953 994 992 ad
1031 952 1195 992 hastam
1234 967 1353 993 suam
1391 953 1608 994 accederet

201 1039 219 1055 ›
246 1014 436 1054 sociusve
475 1023 547 1054 aut
582 1014 730 1054 adfinis
767 1015 856 1055 eius
894 1014 1183 1054 conductionis
1222 1022 1342 1055 esset.
1405 1029 1529 1069 saepe
1566 1015 1608 1054 id

247 1075 459 1129 querendo
487 1083 647 1117 veteres
672 1076 886 1131 publicani
912 1091 1008 1117 cum
1032 1076 1256 1130 impetrare
1282 1076 1526 1129 nequissent
1553 1076 1606 1117 ab

248 1144 408 1185 senatu,
435 1145 479 1178 ut
504 1138 678 1178 modum
703 1138 900 1192 potestati
920 1138 1132 1179 censoriae
1154 1138 1413 1192 inponerent,
1440 1138 1607 1179 tandem

246 1199 460 1240 tribunum
480 1200 613 1254 plebis
629 1199 722 1255 [Β]
738 1200 959 1249 Rutilium,
985 1216 1036 1241 ex
1056 1200 1116 1241 rei
1135 1201 1322 1255 privatae
1345 1200 1608 1241 contentione

201 1277 221 1304 4
248 1261 400 1302 iratum
421 1262 678 1311 censoribus,
697 1269 921 1316 patronum
936 1277 1087 1303 causac
1106 1262 1246 1302 nancti
1269 1269 1377 1302 sunt.
1416 1262 1610 1303 clientem

247 1323 490 1364 lil;›c1·tinu1n
514 1324 715 1378 parietem
741 1325 784 1364 in
811 1339 928 1365 sacra
949 1325 1017 1365 via
1043 1324 1242 1365 adversus
1268 1325 1392 1365 aedes
1418 1324 1609 1379 publicas

203 1401 221 1429 5
249 1385 438 1426 demoliri
450 1386 671 1435 iusserant,
692 1386 804 1439 quod
818 1386 987 1441 publico
1001 1386 1288 1427 inaedificatus
1310 1395 1430 1428 esset.
1469 1386 1611 1441 appel-

247 1447 318 1487 lati
345 1463 369 1487 a
393 1448 554 1501 privato
580 1449 748 1488 tribuni.
795 1463 890 1488 cum
916 1456 1081 1502 praeter
1106 1449 1311 1490 Rutilium
1336 1463 1459 1489 nemo
1484 1449 1611 1489 inter-

249 1509 436 1557 cederet,
464 1525 657 1551 censores
683 1511 735 1551 ad
760 1511 935 1565 pignera
961 1511 1165 1565 capienda
1189 1511 1392 1552 miserunt
1416 1511 1611 1551 multam-

205 1586 222 1615 6
250 1585 330 1624 que
355 1586 431 1626 pro
457 1572 648 1613 contione
674 1573 837 1627 privato
865 1573 1070 1613 dixerunt.
1109 1573 1205 1613 hinc
1231 1574 1494 1614 contentione
1520 1582 1610 1613 orta

250 1650 346 1675 cum
393 1642 554 1676 veteres
605 1635 818 1690 publicani
868 1651 911 1677 se
961 1636 1014 1676 ad
1063 1636 1276 1676 tribunum
1326 1636 1610 1684 eontulissent,

249 1696 411 1751 rogatio
442 1706 613 1752 repente
651 1698 729 1739 sub
761 1698 884 1739 unius
915 1698 1071 1738 tribuni
1107 1698 1273 1739 nomine
1306 1699 1610 1753 promulgatur,

249 1774 358 1812 quae
382 1760 551 1814 publica
581 1760 815 1815 vectigalia,
840 1761 950 1801 ultro
976 1760 1132 1800 tributa
1172 1758 1221 1800 C.
1250 1759 1453 1801 Claudius
1480 1770 1519 1801 et
1544 1760 1610 1800 Ti.

252 1821 525 1876 Sempronius
544 1822 765 1870 locassent,
792 1838 839 1863 ea
861 1832 951 1863 rata
976 1822 1126 1863 locatio
1146 1837 1199 1862 nc
1221 1831 1348 1863 esset:
1376 1822 1428 1862 ab
1447 1822 1610 1876 integro

250 1884 506 1933 locarentur,
539 1893 577 1925 et
610 1892 656 1925 ut
682 1885 874 1925 omnibus
900 1884 1131 1926 redimendi
1158 1892 1197 1925 et
1229 1884 1492 1925 conducendi
1515 1899 1612 1939 pro-

206 1959 225 1990 s
251 1946 408 1987 miscue
440 1947 505 1987 ius
532 1955 652 1988 esset.
714 1947 825 1988 diem
852 1947 905 1987 ad
930 1947 1192 2001 rogationem
1219 1946 1393 1987 concilio
1419 1946 1611 1987 tribunus

250 2010 384 2064 plebis
410 2010 526 2051 dixit.
576 2010 648 2063 qui
672 2021 899 2065 postquam
924 2010 1058 2059 venit,
1084 2018 1129 2050 ut
1155 2024 1347 2051 censores
1373 2010 1427 2050 ad
1452 2009 1613 2050 dissua-

253 2071 438 2112 dendum
475 2080 786 2126 processerunt,
825 2071 1021 2114 Graccho
1059 2072 1222 2113 dicente
1267 2071 1477 2112 silentium
1514 2071 1613 2120 fuit3

255 2132 393 2188 [eum]
422 2133 603 2175 Claudio
628 2134 958 2190 obstreperetur,
989 2134 1247 2175 audientiam
1272 2134 1410 2175 facere
1443 2148 1615 2188 praeco-

210 2209 228 2238 9
254 2212 349 2237 nem
374 2197 507 2237 iussit.
570 2212 619 2238 eo
650 2197 761 2238 facto
796 2206 1016 2239 avocatam
1041 2213 1066 2239 a
1091 2212 1134 2238 se
1160 2196 1395 2238 contionem
1421 2196 1615 2237 tribunus

254 2267 426 2311 questus
452 2268 492 2300 et
516 2259 560 2299 in
585 2259 772 2301 ordinem
798 2275 842 2301 se
869 2271 1075 2308 coactum,
1101 2274 1152 2300 ex
1179 2257 1403 2313 Capitolio,
1429 2259 1503 2299 ubi
1529 2266 1617 2299 erat

192 2332 230 2361 10
257 2321 491 2369 concilium,
519 2321 632 2362 abiit.
669 2330 837 2376 postero
859 2322 924 2364 die
950 2322 1132 2377 ingentis
1158 2322 1363 2362 tumultus
1389 2321 1509 2362 ciere.
1548 2320 1613 2360 Ti.

258 2380 441 2422 Gracchi
466 2383 647 2435 primum
673 2384 783 2425 bona
808 2385 1079 2434 consecravit,
1106 2385 1219 2437 quod
1244 2384 1286 2424 in
1312 2384 1443 2424 multa
1467 2383 1615 2437 pigno-

256 2443 456 2496 ribusque
478 2444 580 2491 eius,
605 2445 677 2497 qui
702 2447 917 2487 tribunum
939 2447 1201 2501 appellasset,
1228 2445 1512 2487 intercessioni
1533 2459 1616 2486 non

194 2518 230 2546 11
258 2505 457 2560 parendo,
484 2520 527 2546 se
552 2506 594 2546 in
620 2507 807 2548 ordinem
833 2510 1055 2563 coegisset3
1085 2508 1133 2550 C.
1159 2508 1337 2549 Claudio
1364 2508 1474 2549 diem
1500 2506 1615 2554 dixit,

259 2567 372 2620 quod
398 2567 633 2608 contionem
659 2569 712 2608 ab
744 2584 787 2610 se
814 2579 1048 2618 avocasset,
1082 2580 1119 2611 ct
1146 2571 1311 2623 utrique
1338 2569 1497 2611 censori
1523 2583 1616 2622 per-

261 2629 514 2671 duellionem
547 2645 590 2671 se
622 2630 806 2672 iudicare
842 2633 1127 2686 pronuntiavit
1159 2633 1354 2685 diemque
1385 2631 1560 2673 comitiis
1591 2645 1615 2670 a

201 719 220 748 [ὗ

206 1712 222 1740 ⁸⁸!
