1804 2926
289 212 372 253 212
457 217 744 254 l’ERJOCHAE
771 219 1037 255 LIBRORL'M
1062 219 1566 257 Lxxxv—LXXXVHII.

289 311 429 356 proelio
449 311 547 345 vicit.
585 315 623 345 et
641 321 724 345 eum
744 310 787 344 L.
804 310 1002 356 Scipionis,
1025 312 1175 346 alterius
1194 311 1370 355 consulis,
1393 323 1476 346 cum
1495 322 1566 357 quo
1586 323 1651 356 per

290 358 414 391 omnia
428 356 465 389 id
479 360 620 401 egerat,
641 360 682 390 ut
694 367 825 400 pacem
838 356 1020 402 iungeret,
1040 369 1108 391 nec
1121 360 1304 401 potuerat,
1325 361 1448 391 castra
1461 368 1652 403 oppugna-

290 406 392 436 turus
413 406 525 444 esset,
546 401 737 436 universus
757 402 936 436 exereitus
956 403 1133 446 consulis,
1156 402 1375 436 sollicitatus
1387 413 1454 447 per
1467 403 1616 437 emissos
1631 414 1652 437 a

292 447 397 492 Sylla
411 447 556 490 milites,
571 446 680 491 signa
693 447 740 480 ad
755 445 896 491 Syllam
909 448 1107 481 transtulit.
1145 446 1268 491 Scipio
1288 458 1370 481 cum
1385 447 1502 481 occidi
1515 451 1650 492 posset,

291 492 460 526 dimissus
486 496 552 526 est.
590 493 656 526 Cn.
679 491 894 536 PompeiuS,
916 492 981 527 Cn.
1001 493 1155 537 Pompei
1180 492 1277 526 filius
1298 493 1375 526 eius
1395 493 1456 537 qui
1476 493 1652 527 Asculum

290 542 457 581 ceperat,
479 537 686 581 conscripto
703 537 992 571 voluntariorum
1011 539 1171 572 exercitu
1195 549 1278 571 cum
1302 538 1419 572 tribus
1444 537 1652 583 legionibus

292 583 340 617 ad
355 582 497 628 Syllam
515 586 687 625 venerat,
713 582 761 616 ad
782 593 889 626 quem
910 594 948 617 se
966 583 1141 617 nobilitas
1161 583 1278 617 omnis
1292 583 1525 626 conferebat,
1548 583 1601 617 ita
1613 587 1654 616 ut

292 629 438 662 deserta
451 628 541 662 urbe
556 628 603 662 ad
619 631 741 662 castra
754 627 950 662 veniretur.
1016 632 1182 663 raeterca
1195 628 1446 673 expeditiones
1458 640 1525 673 per
1538 632 1653 663 totam

291 674 439 708 ltaliam
451 673 641 718 utriusque
655 672 772 718 partis
787 673 920 707 ducum
933 640 1153 708 refiimntur.

816 727 869 751 Ex
888 727 961 751 Llss.
982 727 1135 752 Lxxxvl.

360 763 451 798 Cum
466 764 505 798 C.
520 764 659 799 Marius
674 763 713 799 C.
729 764 824 798 Mari
844 763 940 798 filius
960 765 1088 799 consul
1108 769 1192 799 ante
1213 775 1330 799 annos
1349 765 1479 811 viginti
1496 776 1563 810 per
1580 766 1652 799 vim

291 813 435 843 creatus
450 814 557 853 esset,
581 810 620 844 C.
636 810 775 843 Fabius
788 810 826 843 in
838 809 967 843 Africa
979 814 1130 854 propter
1143 811 1398 845 crudelitatem
1412 815 1449 844 et
1462 810 1653 845 avaritiam

291 866 395 888 suam
408 855 445 888 in
457 856 642 899 praetorio
658 866 722 888 suo
736 855 838 888 vivus
852 859 999 889 exustus
1014 860 1079 889 est.
1104 855 1148 888 L.
1159 855 1353 899 Philippus
1366 856 1512 901 legatus
1527 855 1653 900 Syllae

293 898 518 942 Sardiniam,
541 899 584 940 Q.
599 900 762 933 Antonio
782 904 952 943 praetore
972 900 1078 944 pulso
1098 904 1135 934 et
1148 900 1285 943 occiso,
1307 901 1510 944 occupavit.
1549 901 1654 946 Sylla

291 956 374 978 cum
393 944 534 978 Italicis
554 945 719 988 populis,
741 955 786 978 ne
805 944 995 979 timeretur
1015 945 1062 978 ab
1083 945 1135 978 eis
1150 945 1250 978 velut
1263 949 1454 988 ereptin·us
1468 946 1654 980 civitatem

292 993 329 1023 ct
348 989 515 1034 suffragii
534 990 590 1022 ius
610 1000 728 1033 nuper
741 990 885 1031 datum,
905 989 1035 1023 foedus
1048 989 1240 1033 percussit.
1277 990 1447 1034 idemque
1462 1001 1505 1024 ex
1518 989 1655 1024 fiducia

292 1034 365 1068 iam
395 1039 518 1069 certae
547 1035 723 1068 victoriae
754 1034 977 1079 litigatores,
1010 1045 1033 1068 a
1064 1034 1196 1078 quibus
1223 1034 1412 1078 adibatur,
1445 1035 1655 1070 vadimonia

291 1079 448 1113 Romam
466 1079 609 1114 deferre
629 1079 751 1122 ausit,
779 1091 861 1113 cum
882 1091 904 1113 a
923 1084 1028 1123 parte
1051 1080 1196 1113 diversa
1215 1080 1302 1113 iubs
1317 1080 1437 1114 adhuc
1455 1083 1652 1115 teneretur.

292 1125 335 1158 L.
349 1125 599 1169 Damasippus
620 1129 769 1169 praetor
787 1136 831 1158 ex
850 1125 1038 1159 voluntate
1053 1125 1092 1159 C.
1108 1125 1203 1158 Mari
1217 1125 1377 1159 consulis
1391 1137 1474 1159 cum
1487 1129 1654 1160 senatum

292 1170 548 1213 contraxisset,
571 1181 715 1204 omnem
736 1180 830 1214 quae
852 1170 889 1203 in
908 1170 999 1204 urbe
1020 1174 1101 1204 erat
1120 1170 1353 1205 nobilitatem
1366 1171 1574 1205 trucidavit.
1611 1182 1655 1206 ex

292 1216 394 1250 cuius
419 1227 571 1250 numero
599 1217 643 1255 Q.
669 1215 813 1249 Mucius
842 1214 1022 1250 Scaevola
1050 1215 1217 1260 pontifex
1242 1216 1419 1249 maximus
1445 1215 1592 1261 fugiens
1617 1217 1654 1250 in

291 1261 473 1295 vestibulo
493 1261 595 1295 aedis
610 1261 746 1295 Vestae
766 1260 907 1294 occisus
928 1265 994 1295 est.
1030 1265 1225 1305 praet-crea
1243 1261 1382 1295 bellum
1402 1272 1424 1295 a
1442 1261 1486 1295 L.
1501 1261 1655 1297 Murena

292 1307 466 1341 adversus
479 1306 720 1341 Mithridaten
734 1306 772 1340 in
784 1306 877 1340 Asia
889 1311 1106 1340 renovatum
1121 1306 1296 1341 continet.

808 1359 858 1383 Ex
877 1359 950 1383 LlB.
970 1359 1137 1384 LXXXVII.

360 1396 465 1442 Sylla
477 1396 519 1431 C.
532 1397 708 1440 Marium,
730 1397 891 1431 exercitu
911 1397 988 1431 eius
1011 1397 1093 1431 fuso
1115 1397 1309 1442 deletoque
1330 1399 1377 1431 ad
1392 1397 1652 1442 Sacriportum,

291 1444 327 1476 iu
342 1443 478 1487 oppido
491 1442 693 1476 Praeneste
708 1442 864 1486 obsedit,
878 1442 1007 1476 mbem
1020 1442 1175 1477 Romam
1189 1454 1231 1477 ex
1245 1443 1473 1477 inimieorum
1486 1443 1654 1477 manibus

291 1488 440 1531 recepit.
478 1487 636 1521 Marium
655 1498 846 1531 erumpere
867 1490 1110 1531 temptantem
1127 1488 1299 1532 reppulit.
1336 1491 1532 1532 praeterea
1555 1499 1612 1522 res
1632 1499 1655 1522 a

291 1533 423 1578 legatis
439 1533 516 1567 eius
532 1533 662 1567 eadem
675 1532 812 1576 ubique
826 1532 975 1566 fortuna
989 1534 1149 1576 partium
1163 1537 1287 1578 gestas
1302 1533 1476 1567 continet.

799 1585 852 1610 fix
871 1585 948 1610 LlB.
968 1586 1148 1610 Lxxan.

360 1622 466 1667 Sylla
480 1622 697 1665 Carbonem,
714 1623 875 1657 exercitu
890 1623 937 1669 ad
953 1622 1128 1667 Clusium,
1145 1623 1653 1658 adFaventiamFidentiam-

292 1679 362 1712 que
376 1679 496 1711 caeso,
511 1668 622 1702 Italia
636 1669 793 1712 expulit,
819 1679 901 1702 cum
916 1668 1155 1712 Samnitibus,
1172 1670 1233 1712 qui
1248 1669 1315 1703 soli
1330 1681 1373 1703 ex
1385 1669 1525 1703 Italicis
1538 1680 1652 1713 popu-

291 1714 335 1747 lis
354 1714 517 1747 nondum
542 1725 644 1747 arma
668 1717 885 1757 posuerant,
912 1713 1014 1747 iuxta
1032 1714 1160 1748 urbem
1178 1714 1387 1748 Romanam
1407 1718 1491 1748 ante
1511 1718 1653 1758 portam

291 1758 475 1793 Collinam
489 1759 707 1802 debellavit,
734 1759 1013 1803 reciperataque
1027 1770 1066 1794 re
1079 1759 1230 1803 publica
1243 1759 1528 1803 pulcherrimam
1541 1759 1652 1793 victo-

291 1804 384 1838 riam
403 1804 640 1847 crudelitate,
661 1808 801 1848 quanta
820 1804 858 1837 in
878 1804 980 1838 nullo
1000 1804 1189 1838 hominum
1208 1804 1294 1847 fuit,
1317 1805 1534 1849 inquinavit.
1572 1808 1654 1838 octo

292 1849 393 1883 milia
413 1849 668 1883 dediticiorum
688 1850 725 1882 in
738 1849 826 1883 villa
839 1849 990 1893 publica
1002 1850 1217 1893 trucidavit,
1239 1850 1406 1883 tabulam
1420 1849 1653 1894 proscriptio-

292 1895 347 1928 nis
361 1895 562 1939 proposuit,
583 1895 712 1929 urbem
726 1905 769 1929 ac
782 1898 899 1928 totam
912 1895 1060 1929 Italiam
1074 1895 1249 1929 caedibus
1262 1895 1434 1939 replevit,
1456 1894 1551 1929 inter
1564 1906 1654 1939 quas

293 1951 417 1974 omnes
432 1940 691 1974 Praenestinos
706 1940 864 1973 inermes
878 1940 1021 1974 concidi
1034 1940 1150 1983 iussit,
1170 1939 1329 1973 Marium
1343 1940 1503 1974 senatori
1518 1940 1654 1974 ordinis

291 1986 408 2019 virum
440 1985 607 2018 cruribus
637 1985 873 2029 brachiisque
898 1985 1043 2028 fractis,
1077 1985 1227 2019 auribus
1252 1985 1453 2029 praesectis
1480 1989 1516 2019 et
1541 1985 1654 2019 oculis

293 2030 435 2064 effossis
453 2030 610 2064 necavit.
648 2030 688 2064 C.
708 2030 849 2064 Marius
868 2030 1071 2065 Praeneste
1091 2031 1263 2065 obsessus
1282 2042 1304 2064 a
1323 2030 1497 2064 Lucretio
1520 2030 1656 2071 Ofella,

295 2075 530 2121 Syllanarum
554 2075 715 2120 partium
739 2077 834 2119 viro,
868 2087 952 2109 cum
982 2088 1048 2120 per
1073 2076 1284 2110 cuniculum
1308 2079 1476 2120 captaret
1501 2076 1655 2110 evadere

293 2125 463 2165 saeptum
483 2122 662 2165 exercitu,
683 2124 837 2155 mortem
857 2121 927 2155 sibi
941 2121 1127 2156 conscivit.
1165 2120 1203 2155 id
1223 2125 1296 2164 est,
1317 2121 1354 2154 in
1373 2121 1453 2164 ipso
1473 2121 1654 2164 cuniculo,

294 2178 377 2201 cum
405 2166 557 2201 sentiret
581 2177 620 2201 se
645 2166 800 2201 evadere
825 2178 899 2201 non
924 2177 1049 2211 posse,
1077 2177 1159 2200 curn
1185 2166 1359 2200 Telesino
1384 2167 1496 2211 fugae
1523 2166 1655 2200 comite

295 2212 419 2246 stricto
432 2213 615 2256 utrimque
629 2211 754 2257 gladio
769 2213 970 2255 concurrit,
986 2223 1094 2257 quem
1108 2222 1190 2246 cum
1204 2211 1495 2256 oceidisset,ipse
1510 2211 1656 2246 saucius

295 2258 505 2302 impetravit
518 2268 540 2292 a
553 2268 669 2301 servo,
684 2261 724 2291 ut
738 2268 776 2292 se
790 2257 986 2292 occideret.

798 2310 851 2334 Ex
871 2310 944 2334 ΜΒ.
964 2309 1161 2335 Lxxxwm.

364 2347 413 2380 M.
438 2347 575 2382 Brutus
602 2359 624 2382 a
649 2347 715 2382 Cn.
741 2347 893 2392 Papirio
919 2347 1107 2391 Carbone,
1135 2348 1198 2392 qui
1224 2347 1420 2382 Cossuram
1447 2347 1654 2391 adpulerat,

296 2392 426 2426 missus
446 2405 538 2428 nave
558 2393 759 2438 piscatoria
771 2393 1014 2438 Lilybaeum,
1034 2396 1076 2427 ut
1090 2393 1312 2438 exploraret,
1336 2404 1383 2426 an
1396 2392 1448 2426 ibi
1461 2393 1536 2426 iam
1548 2392 1655 2426 Pom-

296 2438 400 2482 peius
415 2443 522 2481 esset,
543 2443 580 2473 et
593 2439 860 2473 circumventus
874 2439 1040 2482 navibus,
1063 2449 1154 2517 (glas
1167 2438 1366 2482 Pompeius
1381 2438 1545 2481 miserat,
1566 2437 1604 2471 in
1618 2448 1656 2472 se

297 2494 469 2517 mucrone
493 2495 598 2518 verso
623 2484 671 2518 ad
694 2487 895 2518 transtrum
919 2484 1023 2518 navis
1049 2494 1069 2518 o
1098 2484 1203 2517 nixus
1229 2483 1390 2528 corporis
1415 2483 1578 2528 pondere
1602 2482 1656 2516 in-

298 2528 434 2562 cubuit.
473 2528 538 2563 Cn.
552 2529 751 2573 Pompeius
770 2529 809 2563 in
825 2529 990 2563 Siciliam
1003 2540 1085 2563 cum
1098 2529 1251 2573 imperio
1267 2540 1289 2563 a
1301 2532 1433 2563 senatu
1446 2528 1575 2562 missus
1589 2527 1654 2562 Cn.

299 2573 520 2617 Carbonem,
556 2575 618 2618 qui
647 2574 739 2608 flens
770 2574 999 2609 muliebriter
1024 2578 1178 2608 mortem
1202 2574 1303 2617 tulit,
1336 2578 1486 2617 captum
1510 2572 1654 2606 oceidit.

300 2618 405 2662 Sylla
429 2619 586 2653 dictator
610 2619 748 2662 facum,
776 2620 874 2664 quod
892 2631 998 2654 nemo
1018 2631 1193 2664 uinquam
1212 2619 1369 2661 fecerat,
1393 2630 1476 2652 cum
1493 2617 1657 2651 fascibus

298 2663 429 2707 viginti
448 2669 620 2708 quattuor
639 2665 827 2709 processit.
865 2664 1011 2710 legibus
1031 2665 1133 2698 novis
1152 2665 1206 2699 rei
1224 2664 1396 2708 publicae
1417 2666 1552 2696 statum
1571 2673 1656 2696 con-

301 2708 476 2746 firmavit,
499 2710 728 2744 tribunorum
747 2710 866 2754 plebis
887 2713 1110 2753 potestatem
1130 2709 1259 2743 minuit
1279 2713 1314 2742 et
1335 2719 1439 2743 omne
1458 2707 1514 2742 ius
1533 2707 1656 2753 legum
