1804 2926
461 166 614 201 LIBER
639 164 843 207 xxxxv,
870 164 923 197 42.
943 164 997 197 43.
1025 167 1075 206 [a.
1092 164 1130 198 c.
1149 165 1229 207 167]
1442 156 1521 196 193

166 271 398 315 custodiam
422 271 592 311 duceret
601 285 612 319 ;
637 269 821 318 comites,
846 268 1082 323 pecuniam,
1108 276 1343 323 argentum,
1368 269 1521 310 instru-

166 341 354 376 mentum
380 333 492 386 quod
516 332 690 373 haberet
713 331 816 371 nihil
843 329 872 385 [.
888 361 898 371 .
913 362 923 371 .
949 331 1113 385 Bithys,
1138 331 1246 372 filius
1263 329 1430 386 Cotyis]
1457 346 1521 372 re-

164 398 228 453 gis
243 396 470 445 Thracum,
496 393 631 450 [cum]
654 394 869 434 obsidibus
894 393 938 434 in
964 394 1194 435 custodiam
1210 392 1432 435 Carseolos
1459 401 1521 435 est

165 460 330 501 missus.
369 465 529 499 ceteros
555 457 757 512 captivos,
784 456 856 510 qui
881 456 924 497 in
949 456 1160 511 triumpho
1181 457 1295 498 ducti
1322 464 1452 505 erant,
1478 456 1520 497 in

1546 350 1564 379 5

163 536 373 563 carcerem
394 520 517 561 condi
535 519 704 575 placuit.
740 533 897 574 paucos
917 526 1011 574 post
1031 519 1118 560 dies
1139 534 1266 573 quam
1291 519 1394 560 haee
1413 525 1518 567 acta,
1546 538 1563 564 <5

162 580 291 638 legati
323 583 376 624 ab
403 581 545 636 Cotye
569 597 668 637 rege
700 581 915 622 Thracum
953 589 1176 630 venerunt,
1212 581 1434 636 pecuniam
1466 581 1519 621 ad

162 645 454 688 redimendum
485 644 618 685 filium
643 643 831 697 aliosque
856 644 1023 685 obsides
1049 644 1331 698 adportantes.
1391 643 1450 684 eis
1475 643 1518 684 in
1546 661 1562 689 7

162 714 354 749 senatum
377 707 638 755 introductis,
665 713 706 748 et
725 706 769 746 id
792 706 929 761 ipsum
951 707 1187 761 argumenti
1211 705 1520 761 praetendenti—

161 770 240 810 bus
265 769 457 819 orationi,
482 784 567 810 non
593 784 669 810 sua
693 769 908 810 voluntate
935 767 1076 822 Cotyn
1102 768 1209 809 bello
1234 767 1389 809 iuvisse
1413 767 1519 809 Per-

161 847 252 881 sea,
291 832 404 885 quod
429 831 595 873 obsides
628 831 727 873 dare
753 838 921 873 coactus
953 838 1079 880 esset,
1117 830 1436 884 orantibusque,
1472 837 1518 870 ut

162 909 233 936 eos
260 894 412 948 pretiO,
444 900 649 947 quantum
674 893 754 948 ipsi
779 893 1021 934 statuissent
1044 900 1202 948 patres,
1227 892 1376 934 redimi
1400 900 1519 946 pate-

161 964 324 1006 rentur,
362 971 610 1011 responsum
642 972 694 998 ex
726 957 970 998 auctoritate
1001 964 1169 997 senatus
1194 964 1276 1005 est,
1313 956 1517 1010 populum
1543 972 1562 1001 g

162 1018 402 1060 Romanum
426 1019 664 1060 meminisse
689 1018 909 1068 amicitiae,
934 1033 1042 1071 quae
1069 1033 1164 1059 cum
1191 1017 1327 1072 Cotye
1352 1017 1518 1058 maiori-

162 1081 326 1135 busque
353 1081 441 1122 eius
467 1088 507 1121 et
531 1088 656 1135 gente
672 1081 885 1121 Thracum
911 1080 1075 1122 fuisset:
1102 1080 1268 1121 obsides
1295 1080 1412 1121 datos
1439 1079 1517 1120 cri·
1543 1096 1560 1124 9

161 1158 271 1191 men,
297 1157 380 1183 non
406 1142 587 1184 criminis
614 1142 899 1184 defensionem
923 1157 1027 1190 esse,
1054 1158 1148 1183 cum
1162 1142 1376 1183 Thracum
1401 1142 1517 1196 genti

160 1220 213 1246 ne
240 1206 406 1258 quietus
432 1205 604 1259 quidem
628 1205 829 1254 Perseus,
860 1205 1016 1246 nedum
1040 1205 1150 1245 bello
1176 1205 1367 1245 Romano
1394 1218 1518 1245 occu-

159 1274 281 1321 patus
309 1267 515 1307 timendus
541 1267 678 1307 fuerit.
718 1274 903 1308 ceterum
929 1267 1006 1308 etsi
1021 1265 1153 1321 Cotys
1167 1267 1313 1308 Persei
1337 1266 1516 1320 gratiam

159 1328 423 1383 praetulisset
447 1328 652 1372 amicitiae
677 1329 822 1384 populi
846 1329 1047 1377 Romani,
1079 1329 1214 1383 magis
1247 1329 1348 1383 quid
1380 1344 1423 1370 se
1458 1329 1519 1369 di-

157 1406 289 1445 gnum
315 1398 425 1432 esset
457 1406 584 1444 quam
616 1391 719 1444 quid
752 1391 897 1432 merito
924 1392 1013 1432 eius
1037 1391 1127 1432 fieri
1156 1400 1299 1446 posset
1323 1392 1517 1433 aestima-

158 1460 318 1502 turum,
355 1453 487 1494 filium
524 1461 650 1506 atque
688 1453 854 1494 obsides
892 1453 929 1494 ei
964 1453 1248 1495 remissurum.
1315 1454 1518 1495 beneficia

157 1515 341 1570 gratuita
367 1530 456 1558 esse
482 1515 625 1570 populi
644 1515 824 1557 Romani
833 1532 843 1565 3
870 1516 1049 1571 pretium
1075 1530 1220 1557 eorum
1245 1516 1369 1557 malle
1393 1516 1518 1558 relin-

158 1592 285 1631 quere
321 1578 364 1618 in
404 1578 698 1632 accipientium
741 1578 890 1619 animis
927 1593 1052 1632 quan}
1098 1593 1295 1633 praesens
1334 1578 1516 1633 exigere.

157 1639 286 1694 legati
309 1647 392 1682 tres
418 1640 633 1689 nominati,
659 1641 782 1682 Titus
810 1640 1034 1693 Quinctius
1059 1641 1336 1689 Flamininus,
1365 1639 1414 1682 C.
1443 1641 1517 1681 Li-

159 1702 291 1743 cinius
316 1703 471 1752 Nerva,
496 1703 559 1744 M.
589 1702 793 1745 Caninius
816 1704 1005 1753 Rebilus,
1031 1704 1104 1758 qui
1129 1705 1296 1746 obsides
1321 1705 1364 1745 in
1383 1704 1518 1745 Thra—

159 1764 266 1805 ciam
290 1765 556 1815 reducerent,
595 1774 636 1808 et
661 1766 897 1808 Thracibus
930 1782 1106 1808 munera
1131 1767 1229 1808 data
1254 1768 1296 1808 in
1328 1767 1514 1822 singulos

158 1826 304 1868 binum
340 1828 501 1869 milium
537 1829 655 1870 aeris.
727 1829 879 1884 Bithys
916 1845 1013 1871 cum
1055 1830 1202 1872 ceteris
1239 1830 1455 1871 obsidibus
1493 1845 1517 1870 a

161 1887 373 1930 Carseolis
399 1891 624 1932 accersitus
655 1892 708 1932 ad
741 1900 903 1946 patrem
929 1907 1026 1933 cum
1051 1893 1201 1946 legatis
1227 1892 1392 1933 missus.
1441 1907 1516 1933 na-

162 1965 233 1992 ves
259 1951 399 2005 regiae
430 1960 577 2006 captae
603 1952 655 1994 de
680 1952 1008 2003 Macedonibus,
1045 1954 1281 1995 invisitatae
1307 1962 1402 1995 ante
1427 1969 1516 1994 ma—

159 2013 404 2068 gnitudinis,
430 2013 473 2054 in
498 2028 645 2068 campo
671 2014 827 2055 Martio
854 2015 1085 2057 subductae
1111 2024 1220 2057 sunt.

246 2075 525 2117 XXXXHI.
561 2077 774 2118 Haerente
794 2077 932 2118 adhuc
945 2092 1031 2118 non
1049 2078 1091 2118 in
1112 2078 1260 2119 animis
1280 2079 1419 2127 modo,
1443 2078 1516 2119 sed

159 2152 292 2192 paene
311 2137 354 2178 in
374 2138 504 2180 oculis
524 2139 725 2179 memoria
737 2138 1005 2180 Macedonici
1031 2139 1242 2193 triumphi,
1268 2140 1321 2180 L.
1337 2139 1514 2180 Anicius

161 2198 453 2251 Quirinalibus
478 2200 752 2255 triumphavit
772 2201 823 2242 de
842 2217 941 2256 rege
958 2200 1113 2243 Gentio
1127 2202 1363 2255 Illyrisque.
1403 2202 1515 2243 simi-

159 2261 215 2302 lia
241 2261 382 2303 omnia
406 2262 541 2316 magis
567 2263 656 2303 visa
680 2262 919 2304 hominibus
944 2277 1071 2316 quam
1096 2264 1232 2318 paria:
1264 2264 1400 2305 minor
1424 2264 1514 2318 ipse

159 2323 397 2377 imperator,
424 2331 464 2364 et
489 2324 705 2366 nobilitate
719 2325 896 2366 Anicius
922 2340 1018 2366 cum
1036 2326 1234 2375 Aemilio,
1261 2333 1300 2367 et
1325 2326 1414 2368 iure
1439 2326 1516 2368 im-

160 2385 264 2440 perii
288 2392 455 2439 praetor
480 2401 576 2427 cum
601 2388 770 2428 consule
796 2388 985 2428 conlatus
995 2404 1005 2436 3
1031 2403 1115 2428 non
1141 2387 1322 2430 Gentius
1341 2388 1514 2438 Perseo,

160 2462 244 2488 non
268 2448 401 2502 Illyrii
424 2447 752 2499 Macedonibus,
778 2465 862 2491 non
886 2450 1018 2504 spolia
1043 2450 1199 2505 spoliis,
1225 2465 1309 2492 non
1334 2451 1514 2506 pecunia

1546 1283 1584 1311 lo

1546 1468 1559 1496 1

1545 1842 1559 1870 1

1545 2090 1559 2118 1

1542 2214 1559 2243 2

159 2510 381 2564 pecuniae,
418 2524 502 2550 non
539 2511 649 2553 dona
686 2511 804 2553 donis
836 2513 1055 2566 conparari
1090 2520 1296 2567 poterant.
1367 2513 1510 2566 itaque
1538 2528 1556 2555 3

161 2571 266 2612 sicut
292 2571 584 2627 praefulgebat
608 2573 706 2614 huie
730 2574 966 2629 triumphus
998 2590 1163 2625 recens,
1194 2576 1253 2617 ita
1286 2576 1515 2631 apparebat

159 2634 297 2688 ipsum
318 2649 392 2688 per
410 2649 453 2675 se
475 2634 731 2677 intuentibus
753 2651 1018 2690 nequaquam
1040 2652 1130 2679 esse
1146 2638 1511 2680 contemnendum.

229 2700 288 2726 Livi
308 2701 356 2726 vol.
372 2701 416 2727 IV.
1284 2705 1327 2738 13

1570 1469 1579 1496 1

1567 1842 1583 1859 ·)

1567 1861 1583 1870 ..a
