1804 2926
482 132 634 167 LIBER
658 131 863 175 xxxxv,
890 131 944 165 33.
965 131 1019 165 34.
1047 129 1151 174 [ac.
1167 131 1248 175 167]
1460 123 1539 164 183

190 254 289 281 cura
318 238 361 278 in
391 252 441 278 ea
469 235 604 290 regia,
642 243 689 275 ut
724 249 807 274 non
837 234 879 274 in
908 242 1170 288 praesentem
1195 234 1319 275 modo
1345 234 1538 290 speciem,

189 300 382 354 qualibus
413 299 567 340 referta
597 297 714 351 regia
744 297 1037 338 Alexandreae
1070 306 1177 347 erat,
1214 298 1288 339 sed
1318 298 1361 338 in
1391 312 1541 352 perpe-

188 371 307 403 tuum
331 375 454 401 usum
478 360 636 401 fierent.
696 359 800 400 haec
824 359 867 399 in
892 359 1067 401 classem
1092 360 1271 416 inposita
1296 359 1541 402 devehenda

188 424 367 465 Romam
393 422 471 464 Cn.
498 419 678 463 Octavio
705 423 814 462 data.

271 486 450 534 Paulus,
488 485 669 539 benigne
699 484 848 538 legatis
875 483 1074 534 dimissis,
1113 492 1396 540 transgressus
1422 485 1542 539 Stry-

187 562 355 588 monem
378 547 490 588 mille
514 561 715 601 passuum
740 546 793 586 ab
818 546 1066 601 Amphipoli
1091 555 1226 588 castra
1249 547 1407 601 posuit,
1444 547 1541 589 inde

187 611 399 665 profectus
436 609 601 650 Pellam
638 608 782 662 quinto
826 609 891 650 die
934 609 1134 663 pervenit.
1206 617 1540 664 praetergressus

187 673 354 720 urbem,
392 671 445 712 ad
471 670 699 725 Spelaeum
725 670 838 723 quod
869 680 1019 711 vocant
1050 671 1224 712 biduum
1248 680 1452 720 moratus,
1490 671 1541 711 P.

186 733 384 774 Nasicam
421 740 463 774 et
499 732 554 784 Q.
590 732 831 772 EIaXinlum
866 732 997 772 filium
1035 747 1131 773 cum
1174 740 1290 788 parte
1328 733 1542 787 copiarum

187 796 241 836 ad
284 794 598 849 depopulandos
635 794 823 848 Illyrios,
870 794 942 847 qui
978 794 1136 836 Persea
1178 795 1369 836 iuverant
1417 795 1540 842 bello,

187 857 311 904 misit,
337 857 471 897 iussos
498 857 551 897 ad
577 855 755 897 Oricum
781 857 859 897 sibi
885 871 1101 898 occurrere
1111 873 1120 906 3
1152 857 1241 912 ipse
1266 856 1444 911 Epirum
1469 872 1542 912 pe-

187 928 277 960 tens
303 919 456 971 quintis
483 919 654 960 decimis
681 919 825 959 castris
849 918 1130 960 Passaronem
1154 920 1357 974 pervenit.

271 980 522 1021 XXXHH.
560 981 691 1021 Haud
722 981 867 1035 procul
898 981 994 1022 inde
1028 982 1154 1024 Anici
1186 989 1321 1022 castra
1353 981 1539 1022 aberant.

187 1043 240 1084 ad
265 1057 390 1096 quem
415 1043 561 1083 litteris
593 1043 748 1091 missis,
780 1059 831 1084 ne
858 1044 959 1097 quid
984 1044 1037 1084 ad
1063 1060 1112 1085 ea
1137 1059 1244 1098 quae
1275 1045 1421 1085 fierent
1451 1057 1540 1084 mo-

186 1114 352 1146 veretur
376 1129 432 1133 —
456 1114 647 1146 senatum
678 1105 879 1159 praedam
910 1105 1030 1160 Epiri
1062 1106 1310 1155 civitatium,
1348 1120 1456 1158 quae
1488 1105 1542 1146 ad

186 1167 343 1208 Persea
368 1166 636 1215 defecissent,
674 1167 874 1208 exercitui
900 1168 1063 1208 dedisse
1088 1191 1162 1216 —,
1189 1167 1418 1208 summissis
1445 1181 1541 1208 cen-

187 1229 420 1269 turionibus
445 1229 488 1268 in
514 1229 700 1282 singulas
726 1229 866 1277 urbes,
893 1229 964 1282 qui
985 1244 1028 1270 se
1050 1229 1233 1270 dicerent
1254 1230 1307 1269 ad
1332 1228 1541 1284 praesidia

187 1291 433 1331 deducenda
467 1290 649 1339 venisse,
686 1302 730 1330 ut
762 1291 881 1332 liberi
914 1290 1113 1345 Epirotae
1146 1291 1252 1331 sicut
1282 1290 1540 1331 Macedones

187 1362 342 1400 essent,
377 1352 504 1393 denos
536 1352 743 1406 principes
776 1368 827 1393 ex
860 1353 1035 1407 singulis
1063 1353 1253 1394 evocavit
1286 1352 1539 1393 civitatibus.

186 1415 338 1467 quibus
371 1428 466 1454 cum
497 1413 801 1462 denuntiasset,
840 1422 884 1454 ut
916 1430 1066 1454 aurum
1097 1422 1221 1468 atque
1247 1423 1467 1469 argentum
1499 1414 1542 1454 in

187 1476 400 1531 publicum
426 1475 694 1529 proferretur,
721 1490 795 1529 per
820 1490 963 1516 omnes
990 1476 1177 1517 civitates
1204 1475 1394 1517 cohortes
1421 1476 1541 1515 dimi-

186 1538 248 1578 sit.
294 1545 388 1578 ante
412 1537 455 1577 in
482 1538 698 1578 ulteriores
723 1551 850 1591 quam
875 1537 916 1578 in
942 1537 1145 1592 propioris
1171 1538 1361 1592 profecti,
1386 1544 1433 1578 ut
1457 1551 1540 1577 uno

186 1600 252 1641 die
276 1600 319 1640 in
345 1615 488 1641 omnes
514 1599 814 1653 perveniretur.
865 1600 975 1641 edita
1007 1600 1183 1640 tribunis
1210 1599 1542 1640 centurionibus-

185 1678 267 1716 que
293 1669 406 1704 erant
434 1677 541 1715 quae
567 1671 802 1716 agerentur.
839 1677 961 1703 mane
987 1677 1109 1703 omne
1134 1677 1282 1703 aurum
1303 1671 1543 1716 argentum-

186 1740 266 1778 que
293 1725 522 1773 conlatum,
555 1724 657 1765 hora
689 1735 837 1778 quarta
863 1725 1031 1779 signum
1057 1724 1111 1765 ad
1136 1724 1390 1779 diripiendas
1416 1724 1541 1764 urbes

188 1788 331 1827 datum
357 1796 416 1827 cst
442 1786 663 1835 militibus,
690 1794 889 1839 tantaque
914 1787 1071 1841 praeda
1095 1786 1195 1835 fuit,
1221 1795 1265 1826 ut
1291 1786 1334 1826 in
1359 1786 1542 1839 equitem

187 1849 465 1903 quadringeni
496 1849 658 1897 denari,
692 1849 902 1903 peditibus
929 1849 1079 1890 duceni
1110 1849 1414 1897 dividerentur,
1446 1863 1543 1890 cen-

188 1920 277 1951 tum
302 1911 609 1964 quinquaginta
633 1911 748 1950 milia
773 1911 957 1964 capitum
978 1910 1260 1951 humanorum
1284 1911 1543 1951 abduceren-

188 1981 267 2012 tur.
305 1972 413 2012 muri
434 1972 583 2012 deinde
603 1972 858 2025 direptarum
875 1973 1043 2012 urbium
1064 1972 1190 2012 diruti
1210 1980 1325 2021 sunt3
1351 1987 1401 2013 ea
1425 1972 1543 2013 fucre

189 2034 343 2088 oppida
368 2034 476 2074 circa.
503 2034 780 2088 septuaginta.
819 2035 987 2074 vendita
1013 2035 1170 2088 pracda
1192 2034 1347 2082 omnis3
1372 2034 1468 2074 inde
1494 2048 1544 2074 ea

191 2111 354 2136 summa
392 2095 511 2136 militi
548 2106 767 2136 numerata
798 2104 873 2136 cst.
932 2096 1092 2136 Paulus
1130 2096 1184 2136 ad
1219 2111 1334 2137 mare
1366 2094 1542 2136 Oricum

191 2158 422 2205 descendit,
459 2172 740 2211 nequaquam,
777 2166 821 2198 ut
859 2166 974 2198 ratus
1011 2166 1116 2206 erat,
1154 2158 1328 2211 expletis
1364 2158 1542 2198 militum

192 2220 359 2268 animis,
397 2221 468 2273 qui
505 2228 717 2273 tamquam
754 2221 915 2260 nullum
951 2220 993 2260 in
1029 2220 1282 2260 Macedonia
1317 2220 1543 2274 gessissent

192 2281 347 2321 bellum
380 2282 559 2335 expertis
591 2282 731 2336 regiae
763 2282 942 2335 praedae
970 2280 1055 2336 [sc]
1082 2296 1171 2322 csse
1203 2280 1541 2336 indignabantur.

193 2343 310 2384 Orici
336 2358 432 2384 cum
462 2344 609 2384 missas
636 2359 731 2384 cum
758 2344 954 2398 Scipione
979 2343 1134 2384 Nasica
1158 2343 1432 2396 Maximoque
1458 2343 1542 2383 filio

192 2406 332 2460 copias
368 2406 614 2455 invenisset,
652 2406 836 2447 exercitu
867 2406 909 2446 in
941 2421 1068 2446 naves
1099 2405 1278 2459 inposito
1309 2405 1352 2445 in
1377 2405 1543 2445 Italiam

191 2468 364 2508 traiecit.
424 2475 465 2509 et
494 2476 588 2522 post
618 2483 774 2523 paucos
808 2468 895 2509 dies
921 2468 1099 2508 Anicius
1125 2475 1334 2508 conventu
1363 2467 1544 2520 reliquo-

191 2546 284 2571 rum
313 2531 584 2586 Epirotarum
615 2532 971 2584 Acarnanumque
1007 2538 1100 2571 acto
1135 2529 1343 2584 iussisque
1378 2529 1421 2570 in
1457 2529 1544 2569 Ita-

192 2593 290 2634 liam
316 2593 432 2647 sequi
457 2594 735 2649 principibus,
767 2608 946 2647 quorum
970 2591 1248 2648 cognitionem
1282 2606 1432 2633 causae
1457 2589 1543 2646 [se-

1566 249 1584 278 6

1566 373 1582 402 7

1567 1181 1584 1210 10
