1804 2926
458 153 610 188 LIBER
636 151 844 195 XXXXH,
870 151 1016 185 44—46.
1043 154 1094 193 [a.
1110 150 1149 185 C.
1166 151 1246 194 171]
1481 142 1535 181 65

185 258 264 315 [et]
285 257 508 312 separatim
533 254 708 310 singulis
733 254 905 296 fuerunt
925 254 979 295 ad
1002 254 1286 296 renovandam
1313 253 1538 295 amicitiam

180 320 371 363 mittendi
407 319 587 359 Romam
627 319 802 372 legatos.
875 324 970 358 ante
1007 318 1147 358 onmia
1190 317 1334 358 exules
1376 316 1538 357 restitui

180 384 389 425 iusserunt
410 389 450 422 et
468 388 657 421 auctores
677 379 819 434 regiae
844 379 1051 420 societatis
1073 379 1238 420 decreto
1265 393 1338 419 suo
1365 378 1539 419 damna-

180 453 290 486 runt.
361 444 437 493 ita,
474 443 588 497 quod
623 457 821 483 maxume
858 442 1073 491 volebant,
1112 442 1298 482 discusso
1335 441 1537 482 Boeotico

181 507 355 549 concilio
375 506 715 560 Peloponnesum
740 505 1061 559 proficiscuntur
1084 504 1174 546 Ser.
1192 503 1388 545 Cornelio
1410 503 1538 545 Chal-

182 569 318 610 cidem
344 568 556 609 accersito.
617 567 747 622 Argis
772 567 1010 621 praebitum
1036 577 1095 608 est
1123 567 1172 607 iis
1198 566 1439 614 concilium3
1465 565 1538 606 ubi

181 646 246 672 res
275 629 364 684 [....
390 628 510 683 nihil]
533 629 647 670 aliud
672 644 697 669 a
721 638 847 683 gente
867 629 1138 669 Achaeorum
1163 628 1385 683 petierunt,
1412 641 1538 680 quam

181 701 228 733 ut
247 692 359 732 mille
379 691 529 732 milites
551 691 710 731 darent.
748 691 791 731 id
810 690 1064 745 praesidium
1086 690 1139 731 ad
1154 689 1400 730 Chalcidem
1420 697 1540 729 tuen-

182 754 298 802 dam,
330 754 429 794 dum
462 754 679 794 Romanus
712 753 917 794 exercitus
950 752 993 792 in
1025 751 1250 793 Graeciam
1282 751 1539 800 traiceretur,

182 816 355 857 missum
382 824 456 856 est.
494 815 681 856 Marcius
708 822 747 855 et
773 814 929 855 Atilius
954 814 1147 869 peractis,
1173 828 1282 867 quae
1307 813 1472 868 agenda
1497 813 1540 853 in

184 877 366 919 Graecia
391 884 521 926 erant,
546 877 750 932 principio
776 876 923 917 hiemis
949 877 1130 917 Romam
1154 876 1379 917 redierunt.

266 939 516 981 XXXXV.
552 939 658 980 Inde
688 939 842 993 legatio
875 938 953 979 sub
983 938 1096 979 idem
1126 946 1291 993 tempus
1323 938 1366 978 in
1390 937 1540 977 Asiam

186 1000 272 1056 [ac]
295 1001 451 1042 circum
472 1001 628 1042 insulas
649 1001 787 1041 missa.
825 1009 908 1042 tres
929 1008 1046 1041 erant
1071 1000 1213 1055 legati,
1238 1000 1302 1040 Ti.
1320 998 1538 1047 Claudius,

185 1063 259 1118 Sp.
286 1063 543 1112 Postumius,
569 1063 632 1103 M.
659 1063 820 1103 Iunius.
880 1063 909 1103 ii
935 1063 1239 1103 circumeuntes
1264 1062 1540 1102 hortabantur

184 1127 318 1167 socios
351 1126 405 1166 ad
435 1125 749 1180 suscipiendum
781 1125 982 1166 adversus
1007 1125 1165 1165 Persea
1195 1123 1311 1182 [pro]
1338 1123 1538 1165 Romanis

182 1188 339 1229 bellum
370 1195 410 1228 et
443 1202 524 1241 quo
550 1201 742 1241 quaeque
768 1187 1003 1241 opulentior
1028 1187 1174 1227 civitas
1200 1195 1310 1235 erat,
1343 1200 1392 1227 eo
1418 1200 1540 1226 accu-

183 1250 312 1290 ratius
338 1250 532 1304 agebant,
559 1250 658 1302 quia
683 1249 863 1289 minores
889 1257 1107 1290 secuturae
1131 1249 1336 1289 maiorum
1362 1248 1541 1288 auctori-

183 1319 312 1352 tatem
344 1318 472 1352 erant.
535 1310 677 1351 Rhodi
709 1310 895 1350 maxumi
927 1311 980 1350 ad
1011 1310 1151 1351 onmia
1182 1310 1381 1350 momenti
1411 1309 1540 1350 habe-

183 1374 354 1421 bantur,
391 1372 489 1425 quia
525 1386 608 1412 non
644 1372 786 1413 favere
822 1380 1004 1420 tantum,
1042 1372 1116 1412 sed
1153 1372 1351 1412 adiuvare
1381 1371 1540 1411 viribus

184 1435 269 1476 suis
300 1435 458 1475 bellum
487 1442 701 1488 poterant,
741 1434 1021 1488 quadraginta
1051 1433 1230 1474 navibus
1257 1440 1426 1474 auctore
1450 1433 1541 1473 He-

182 1496 393 1551 gesilocho
429 1496 708 1550 praeparatis,
752 1496 824 1549 qui
862 1510 958 1536 cum
999 1496 1043 1536 in
1086 1509 1248 1536 summo
1292 1495 1539 1549 magistratu

184 1566 293 1600 esset
316 1582 373 1586 —
396 1559 593 1612 prytanin
624 1558 703 1612 ipsi
734 1566 886 1599 vocant
909 1582 966 1586 ——
988 1558 1131 1599 multis
1157 1557 1415 1598 orationibus
1447 1572 1541 1612 per—

183 1622 340 1662 vicerat
365 1621 573 1670 Rhodios,
611 1630 656 1662 ut
682 1621 855 1670 omissa,
894 1636 1021 1675 quam
1053 1636 1177 1676 saepe
1202 1636 1355 1662 vanam
1382 1620 1541 1674 experti

184 1691 340 1732 essent,
381 1698 529 1737 regum
573 1683 850 1724 fovendorum
896 1698 968 1738 spe
1005 1683 1242 1724 Romanam
1287 1682 1541 1731 societatem,

183 1761 311 1786 unam
336 1754 425 1786 tum
449 1745 492 1785 in
516 1745 635 1786 terris
661 1746 728 1786 vel
759 1746 916 1786 viribus
948 1746 1013 1787 vel
1040 1746 1121 1786 fide
1148 1745 1359 1794 stabilem,
1391 1745 1543 1785 retine-

184 1815 293 1848 rent:
319 1807 477 1847 bellum
501 1807 717 1849 imminere
743 1822 838 1848 cum
859 1808 1037 1857 Perseo3
1064 1807 1371 1848 desideraturos
1386 1807 1542 1847 Roma-

184 1882 260 1909 nos
286 1869 465 1909 eundem
489 1869 683 1910 navalem
709 1878 976 1923 apparatum,
1009 1884 1135 1923 quem
1167 1884 1302 1923 nuper
1325 1868 1540 1917 Antiochi,

186 1945 311 1983 quem
346 1930 531 1984 Philippi
567 1939 662 1972 ante
708 1932 816 1986 bello
853 1932 1066 1972 vidissent.
1138 1932 1417 1986 trepidaturos
1452 1939 1541 1971 tum

187 2000 360 2046 repente
384 1993 570 2046 paranda
595 1994 746 2042 classe,
773 2008 868 2034 cum
892 1994 1095 2035 mittenda
1122 2002 1243 2042 esset,
1268 1994 1347 2034 nisi
1373 1993 1542 2034 reficere

188 2069 329 2103 naves,
352 2054 430 2094 nisi
450 2054 650 2095 instruere
672 2055 891 2095 navalibus
912 2055 1033 2096 sociis
1055 2055 1300 2109 coepissent.
1339 2069 1387 2095 eo
1408 2055 1542 2109 magis

190 2117 310 2157 enixe
335 2116 580 2157 faciundum
606 2131 710 2165 esse,
735 2127 780 2157 ut
808 2117 982 2157 crimina
1008 2117 1145 2158 delata
1171 2117 1223 2157 ab
1243 2116 1436 2158 Eumene
1460 2117 1543 2157 fide

189 2193 328 2219 rerum
348 2178 596 2220 refellerent.
634 2179 697 2219 his
718 2179 876 2219 incitati
890 2179 1170 2233 quadraginta
1183 2179 1354 2219 navium
1369 2179 1543 2219 classem

189 2240 435 2280 instructam
472 2248 744 2293 ornatamque
786 2241 934 2294 legatis
972 2240 1173 2281 Romanis
1211 2240 1542 2289 advenientibus,

190 2311 237 2342 ut
260 2316 344 2342 non
375 2311 636 2356 expectatam
668 2303 999 2343 adhortationem
1024 2318 1114 2344 esse
1139 2310 1375 2357 appareret,
1407 2310 1544 2343 osten-

193 2364 355 2404 derunt.
399 2372 439 2405 et
464 2365 567 2405 haec
591 2365 746 2419 legatio
771 2380 972 2419 magnum
998 2365 1052 2405 ad
1077 2365 1357 2405 conciliandos
1384 2364 1543 2405 animos

192 2426 423 2467 civitatium
452 2426 583 2467 Asiae
619 2434 876 2467 momentum
912 2427 1003 2467 fuit.
1070 2425 1289 2467 Decimius
1314 2441 1423 2466 unus
1455 2426 1543 2469 sine

192 2489 276 2529 ullo
302 2488 467 2536 effecttl,
494 2496 709 2542 captarum
734 2489 858 2529 etiam
883 2489 1155 2542 pecuniarum
1181 2488 1234 2529 ab
1259 2488 1429 2543 regibus
1442 2489 1543 2544 Illy-

192 2551 348 2591 riorum
374 2550 608 2603 suspicione
634 2550 816 2600 infamis,
842 2550 1019 2592 Romam
1045 2550 1180 2591 rediit.

276 2612 549 2655 XXXXVI.
585 2613 766 2655 Perseus
799 2628 894 2655 cum
926 2614 978 2655 ab
1011 2613 1231 2667 conloquio
1257 2613 1544 2654 Romanorum

262 2680 320 2706 lia-i
334 2681 384 2706 roz.
397 2679 442 2706 W.
1304 2679 1325 2712 5

1564 329 1582 359 6

1566 579 1581 607 7

1565 701 1583 730 8

1566 1009 1584 1039 Ν.)

1573 2627 1586 2655 l
