1804 2926
206 131 260 170 54
477 139 629 172 LIBER
654 139 860 183 XXXXII,
887 140 940 173 32.
960 141 1014 175 33.
1044 144 1091 183 [a.
1108 153 1141 175 u.
1157 153 1186 175 c.
1201 142 1282 184 583]

206 243 351 283 diebus
377 243 578 283 sacrificia
609 242 782 291 habere,
814 257 920 296 quae
946 244 1116 285 absente
1150 260 1192 285 se
1218 252 1328 286 recte
1359 246 1447 286 ficri
1472 262 1554 287 non

203 312 386 360 possent.
424 318 530 357 quae
555 319 639 345 non
664 305 798 359 magis
824 306 992 346 consule
1019 321 1143 359 quam
1170 314 1358 360 praetore
1384 308 1554 350 absente

161 381 178 410 3
204 374 314 408 recte
345 366 433 406 fieri
463 381 605 421 posse,
643 367 676 407 si
703 376 869 408 senatus
896 382 978 407 non
1011 368 1111 421 quid
1138 369 1237 409 velit
1268 369 1310 409 in
1336 371 1554 411 consulatu

203 428 341 483 potius
355 443 480 481 quam
501 428 602 481 quid
616 429 657 469 in
674 437 866 483 practura
879 429 1076 471 iuraverit
1090 430 1141 470 Ρ.
1159 430 1347 471 Licinius
1369 432 1555 472 animad-

203 491 449 532 vertendum
485 506 575 532 esse
613 499 791 532 censeat.
859 507 902 533 se
935 500 1074 533 tamen
1105 493 1292 533 futurum
1317 493 1360 533 in
1385 501 1554 534 senatus

159 568 177 596 4
203 560 420 608 potestate.
458 553 636 594 consulti
654 562 807 608 patres,
833 554 901 595 eui
920 555 1180 595 consulatum
1205 556 1385 610 populus
1399 556 1555 596 Roma-

202 632 281 657 nus
317 632 401 657 non
437 626 654 672 negasset,
692 617 744 658 ab
777 633 820 659 se
850 618 1107 672 provinciam
1145 619 1289 673 negari
1326 618 1554 674 superbum

159 692 176 720 ῖ)
203 678 300 727 rati,
337 679 471 719 sortiri
503 680 694 721 consules
726 681 948 721 iusserunt.
1007 681 1057 722 P.
1093 681 1258 723 Licinio
1289 682 1555 730 BIacedonia,

204 739 298 795 [G]
326 740 474 781 Cassio
508 741 627 782 Italia
666 743 847 783 obvenit.
914 743 1100 797 legiones
1136 744 1233 785 inde
1271 744 1402 785 sortiti
1440 752 1554 785 sunt:

201 803 336 856 prima
360 811 400 844 et
431 803 552 844 tertia
582 804 625 844 in
650 804 945 845 Macedoniam
970 806 1262 855 traicerentur,
1301 807 1485 847 secunda
1515 816 1555 847 et

202 872 350 918 quarta
374 874 420 906 ut
444 865 487 905 in
511 866 634 906 Italia
658 874 932 907 remanerent.

286 926 502 968 Dilectum
535 929 726 968 consules
758 929 888 968 multo
920 928 1139 969 intentiore
1171 942 1298 980 quam
1329 929 1430 970 alias
1456 944 1556 971 cura

157 1000 174 1028 σ
201 989 424 1030 habebant.
496 989 686 1030 Licinius
733 999 894 1031 veteres
938 1005 1105 1044 (1110(1110
1150 991 1358 1031 scribebat
1404 992 1555 1033 milites

201 1051 546 1105 centurionesque
556 1067 566 1100 3
605 1058 646 1092 et
669 1052 788 1092 multi
813 1052 1026 1093 voluntate
1052 1052 1221 1093 nomina
1246 1053 1421 1102 dabant,
1459 1054 1557 1107 quia

201 1112 427 1167 locupletes
453 1113 654 1154 videbant
685 1113 757 1167 qui
787 1114 924 1168 priore
949 1114 1227 1156 Macedonico
1252 1114 1361 1155 bello
1388 1122 1459 1156 aut
1483 1116 1557 1156 ad-

160 1187 174 1214 7
202 1191 348 1216 versus
362 1175 620 1216 Antiochum
640 1176 682 1216 in
697 1176 803 1217 Asia
824 1176 1030 1231 stipendia
1049 1176 1248 1218 fecerant.
1287 1192 1382 1217 cum
1401 1177 1556 1218 tribuni

201 1237 400 1287 militum,
433 1238 505 1291 qui
536 1238 799 1279 centuriones
825 1246 981 1287 essent,
1013 1239 1195 1293 primum
1220 1252 1430 1292 quemque
1456 1240 1557 1280 cita-

200 1308 304 1348 rent,
330 1308 412 1341 tres
427 1308 466 1342 et
486 1301 634 1356 viginti
649 1301 926 1349 centuriones,
952 1301 1023 1354 qui
1042 1301 1197 1355 primos
1217 1301 1323 1355 pilos
1339 1302 1555 1350 duxerant,

202 1362 315 1402 citati
346 1363 533 1403 tribunos
564 1363 697 1417 plebis
729 1364 1005 1418 appellarunt.
1066 1364 1149 1404 duo
1181 1379 1232 1404 ex
1266 1364 1459 1419 collegio,
1490 1365 1554 1405 M.

200 1424 377 1465 Fulvius
402 1425 592 1466 Nobilior
625 1433 665 1466 et
689 1425 752 1466 M.
780 1425 983 1467 Claudius
1008 1426 1258 1475 Marcellus,
1285 1426 1337 1466 ad
1364 1427 1555 1468 consules

157 1495 176 1524 8
201 1486 448 1527 reiciebant:
483 1502 626 1528 eorum
653 1487 935 1542 cognitionem
961 1503 1051 1529 esse
1077 1488 1248 1535 debere,
1274 1488 1427 1540 quibus
1454 1488 1556 1528 dile-

202 1556 292 1589 ctus
317 1548 553 1601 quibusque
578 1549 734 1589 bellum
752 1549 997 1590 mandatum
1017 1557 1143 1598 esset3
1170 1550 1294 1590 ceteri
1315 1549 1555 1604 cognituros

203 1626 266 1659 se,
299 1611 349 1652 de
376 1625 458 1664 quo
491 1611 689 1665 appellati
715 1620 871 1659 essent,
903 1611 1068 1652 aiebant
1100 1619 1158 1659 et,
1191 1611 1225 1652 si
1249 1611 1400 1652 iniuria
1424 1612 1554 1659 fieret,

203 1672 403 1713 auxilium
429 1673 590 1713 civibus
616 1673 786 1713 laturos.

159 1748 175 1777 1
288 1734 515 1775 XXXIII.
552 1735 626 1775 Ad
651 1734 848 1775 subsellia
872 1734 1133 1774 tribunorum
1165 1749 1231 1775 res
1257 1735 1479 1789 agebatur3
1506 1750 1555 1776 co

202 1797 264 1837 M.
279 1797 484 1852 Popillius
505 1798 747 1846 consularis,
774 1797 1003 1837 advocatus
1026 1795 1350 1851 [centurionum,
1377 1795 1436 1851 et]
1460 1812 1555 1838 cen-

158 1872 176 1901 2
202 1859 383 1900 turioncs
410 1868 450 1900 et.
475 1860 620 1900 consul
645 1867 862 1900 venerunt.
923 1860 1093 1899 consule
1119 1859 1215 1900 inde
1240 1859 1481 1913 postulanti,
1507 1869 1551 1900 ut

202 1922 244 1962 in
270 1922 461 1963 contione
488 1936 537 1962 ea
561 1937 626 1962 res
655 1930 867 1976 ageretur,
892 1922 1074 1976 populus
1099 1921 1141 1961 in
1167 1922 1400 1962 contionem
1427 1921 1555 1962 advo-

202 1991 332 2024 catus.
392 1998 466 2038 pro
493 1984 806 2024 centurionibus
832 1984 894 2024 M.
920 1983 1146 2037 Popillius,
1173 1983 1244 2037 qui
1268 1983 1434 2024 biennio
1460 1992 1555 2024 ante

157 2057 176 2087 3
203 2047 348 2087 consul
380 2047 536 2094 fuerat,
568 2045 627 2086 ita
658 2046 788 2086 verba
818 2045 935 2086 fecit:
968 2045 1166 2086 militares
1198 2046 1385 2086 homines
1412 2052 1452 2086 et
1483 2045 1556 2085 sti-

200 2109 353 2162 pendia
389 2108 500 2148 iusta
533 2115 573 2149 et
604 2122 779 2162 corpora
810 2114 851 2148 et
888 2115 1021 2148 aetate
1053 2115 1093 2148 et
1124 2107 1309 2147 adsiduis
1341 2107 1554 2147 laboribus

203 2171 392 2211 confecta
417 2170 585 2219 habere,
611 2170 714 2210 nihil
735 2185 927 2211 recusare
947 2177 1099 2217 tamen,
1126 2184 1208 2222 quo
1228 2170 1365 2209 minus
1384 2184 1552 2223 operam

202 2232 261 2272 rei
286 2232 480 2286 publicae
506 2233 622 2281 dcnt3
660 2232 703 2272 id
733 2239 895 2272 tantum
922 2231 1154 2286 deprecari,
1191 2246 1243 2272 ne
1274 2231 1490 2272 inferiores
1519 2233 1554 2271 is

202 2294 388 2341 ordines,
416 2308 542 2346 quam
566 2308 670 2347 quos
698 2292 835 2348 [cum]
861 2293 1109 2334 militassent
1132 2293 1397 2342 habuissent,
1428 2293 1555 2333 adtri-

158 2367 177 2395 4
202 2355 440 2395 buci-entur.
500 2355 551 2395 P.
577 2355 767 2395 Licinius
800 2355 945 2396 consul
979 2362 1146 2396 senatus
1172 2356 1360 2395 consulta
1390 2355 1555 2395 recitari

202 2416 341 2464 iussit,
372 2416 553 2469 primum
578 2431 660 2471 quo
685 2418 843 2457 bellum
868 2426 1038 2459 senatus
1062 2417 1220 2458 Perseo
1246 2417 1450 2465 iussisset,
1483 2417 1554 2458 de-

203 2478 298 2518 inde
341 2492 424 2530 quo
467 2486 626 2518 veteres
670 2480 930 2521 centuriones
973 2494 1099 2533 quam
1148 2479 1375 2534 plurimum
1417 2479 1468 2520 ad
1507 2477 1552 2517 id

204 2541 357 2581 bellum
392 2541 517 2581 scribi
549 2542 777 2582 censuisset.
805 2558 883 2583 ncc-
914 2545 1007 2592 ulli,
1045 2544 1116 2597 qui
1153 2560 1235 2584 non
1273 2545 1404 2585 maior
1434 2544 1551 2584 annis

158 2617 175 2644 5
203 2602 510 2656 quinquaginta
536 2610 656 2651 esset,
683 2604 943 2645 vacationem
968 2606 1137 2647 militiae
1165 2622 1266 2647 esse.
1306 2607 1550 2660 deprecatus

1781 429 1799 453 A
1792 365 1795 391 --
1788 176 1797 351 .—.-.‘-s-
