1804 2926
370 217 658 253 PERIOCHAE
684 215 948 251 LIBRORUM
972 215 1149 250 XLVIII.
1172 213 1370 250 XLVIlll.
1462 205 1541 248 199

191 310 390 347 sententias
401 308 552 353 placuit.
590 307 729 341 Catone
743 310 780 340 et
793 306 874 340 aliis
886 305 1113 350 principibus
1127 310 1275 340 senatus
1289 305 1540 350 suadentibus,

191 361 231 391 ut
243 357 280 390 in
292 354 457 388 Africam
471 352 662 387 confestim
675 354 987 396 transportaretur
1000 352 1189 394 exercitus,
1211 351 1384 395 quoniam
1396 350 1439 384 P.
1454 350 1541 385 Cor-

193 402 306 436 nelius
337 398 475 434 Nasica
505 397 654 432 dicebat
683 397 844 430 nondum
875 397 945 430 sibi
968 397 1102 430 iustam
1127 408 1275 430 causam
1298 396 1389 431 belli
1413 395 1540 439 videri,

192 446 339 491 placuit,
354 447 394 477 ut
406 443 504 477 bello
519 443 756 485 abstinerent,
771 442 801 475 si
814 441 1139 487 Carthaginienses
1153 442 1306 476 classem
1320 441 1542 475 exussissent

191 495 227 526 et
240 489 435 526 exercitum
449 487 687 521 dimisissent:
701 487 731 520 si
743 487 873 530 minus,
887 487 1040 532 proximi
1054 487 1220 521 consules
1234 487 1279 521 de
1292 486 1389 521 bello
1399 486 1540 519 Punico

192 536 375 571 referrent.
401 545 483 568 cum
495 533 656 567 locatum
670 544 692 566 a
705 532 916 566 censoribus
929 533 1111 566 theatrum
1125 535 1380 574 exstrueretur,
1395 531 1438 564 P.
1454 530 1540 564 Cor—

191 581 285 616 nelio
295 579 431 615 Nasica
445 581 593 612 auctore
607 582 794 621 tamquam
807 577 934 612 inutile
950 581 986 612 et
998 577 1202 611 nociturum
1215 576 1371 621 publicis
1380 575 1541 609 moribus

190 638 232 660 ex
251 628 398 659 senatus
419 623 586 657 consulto
606 623 830 657 destructum
856 626 912 657 est
934 634 981 667 po
1011 623 1164 667 ulusque
1190 620 1415 666 aliquamdiu
1441 624 1541 653 stans

190 671 293 704 ludos
307 668 497 713 spectavit.
523 667 848 713 Carthaginienses
861 678 942 701 cum
957 679 977 701 a
1004 679 1128 702 versus
1141 667 1270 702 foedus
1284 665 1421 700 bellum
1431 664 1541 698 Masi-

190 716 308 749 nissae
329 713 553 756 intulissent,
574 712 661 747 victi
675 713 722 746 ab
737 723 779 747 eo
794 724 907 747 annos
920 713 1079 747 habente
1093 712 1297 758 nonaginta
1310 711 1400 744 duos
1415 715 1452 744 ct
1464 710 1542 743 sine

189 759 398 804 pulpamine
417 758 591 793 mandere
610 758 663 802 (et
681 758 712 791 si
735 759 917 804 gustaret)
934 769 1069 803 panem
1088 761 1230 792 tantum
1250 757 1373 800 solito,
1394 755 1543 800 insuper

191 805 393 838 Romanum
406 803 543 837 bellum
558 807 779 837 meruerunt.

719 856 769 880 EX
781 855 853 880 Lm.
869 855 1010 880 XLvnn.

256 894 373 929 Tertii
390 893 524 928 Punici
541 892 631 928 belli
649 893 793 927 initium
811 893 926 928 altero
946 897 983 927 et
1002 892 1258 928 sescentesimo
1279 892 1325 926 ab
1346 892 1436 926 urbe
1457 903 1541 926 con-

188 940 266 974 dita
286 950 399 981 anno,
420 939 518 972 intra
535 939 702 983 quintum
721 949 855 972 annum
869 950 977 982 quam
991 942 1070 972 erat
1083 942 1251 982 coeptiun
1289 938 1540 972 consummati.

189 985 283 1019 inter
306 984 355 1017 M.
375 984 545 1017 Porcium
565 982 744 1018 Catonem
768 987 805 1017 ct
825 983 1032 1027 Scipionem
1051 983 1241 1026 Nasicam,
1270 994 1422 1027 quorum
1448 983 1542 1017 alter

189 1029 475 1074 sapientissimus
493 1028 548 1061 vir
566 1029 603 1061 in
623 1028 770 1062 civitate
790 1028 1013 1071 habebatur,
1035 1028 1129 1062 alter
1146 1028 1303 1072 optimus
1322 1028 1376 1061 vir
1395 1028 1505 1062 etiam
1519 1039 1542 1061 a

189 1078 317 1109 senatu
347 1073 529 1107 iudicatus
560 1077 655 1116 erat,
695 1073 846 1107 diversis
878 1078 1057 1107 certatum
1088 1073 1279 1107 sententiis
1312 1077 1368 1107 est
1399 1073 1541 1108 Catone

189 1120 364 1153 suadente
391 1119 528 1153 bellum
553 1122 590 1152 et
613 1122 654 1151 ut
676 1119 867 1153 tolleretur
892 1119 1146 1162 delereturque
1173 1117 1377 1163 Carthago,
1404 1119 1542 1154 Nasica

189 1164 435 1197 dissuadente.
472 1163 614 1207 placuit
636 1166 776 1206 tamen,
804 1164 901 1207 quod
921 1166 1048 1197 contra
1068 1163 1197 1198 foedus
1216 1175 1328 1197 naves
1348 1164 1540 1207 haberent,

189 1210 286 1253 quod
306 1209 503 1243 exercitum
523 1211 625 1242 extra
642 1207 734 1242 fines
753 1209 950 1251 duxissent,
973 1208 1070 1252 quod
1084 1208 1181 1242 socio
1195 1208 1322 1252 populi
1334 1208 1492 1242 Romani
1505 1213 1543 1243 et

190 1254 304 1288 amieo
319 1253 536 1287 Masinissae
551 1264 651 1287 arma
663 1253 888 1295 intulissent,
910 1253 1007 1297 quod
1020 1252 1136 1286 filium
1150 1253 1227 1286 eius
1243 1253 1457 1297 Gulussam,
1480 1254 1542 1298 qui

188 1311 269 1332 011111
288 1298 420 1343 legatis
438 1297 613 1331 Romanis
634 1301 728 1340 erat,
750 1298 788 1330 in
807 1298 980 1341 oppidum
995 1308 1068 1331 non
1081 1298 1324 1341 recepissent,
1346 1299 1484 1333 bellum
1498 1300 1543 1333 iis

189 1343 311 1377 indici.
349 1343 447 1386 prius
468 1353 576 1386 quam
595 1342 694 1376 ullae
715 1342 843 1386 copiae
863 1343 900 1375 in
920 1354 1030 1376 naves
1044 1344 1324 1386 inponerentur,
1346 1343 1543 1379 Uticenses

188 1388 463 1433 legatiRomam
477 1390 667 1429 venerunt,
682 1398 720 1420 se
735 1398 872 1430 suaque
887 1387 1008 1421 omnia
1022 1388 1208 1422 dedentes.
1235 1399 1279 1422 ea
1292 1388 1429 1433 legatio
1442 1389 1545 1423 velut

189 1444 294 1466 omen
307 1436 416 1477 grata
428 1431 606 1476 patribUS,
623 1432 757 1465 acerba
771 1431 1137 1476 Carthaginiensibus
1150 1431 1231 1465 fuit.
1263 1433 1340 1466 ludi
1353 1434 1450 1477 patri
1464 1434 1544 1467 Diti

188 1478 235 1511 ad
245 1478 447 1511 Tarentum
462 1488 504 1510 ex
517 1480 714 1522 praecepto
728 1476 902 1510 librorum
916 1477 1017 1519 facti,
1033 1476 1095 1520 qui
1109 1479 1228 1519 [ante]
1246 1479 1543 1512 annumcentesi-

187 1534 300 1565 mum,
326 1522 441 1566 primo
462 1521 602 1555 Punico
622 1521 738 1563 bello,
762 1521 1054 1566 quingentesimo
1075 1525 1111 1555 et
1131 1522 1247 1555 altero
1267 1533 1364 1556 anno
1386 1523 1432 1556 ab
1452 1523 1543 1557 urbe

187 1567 352 1609 condita,
373 1566 463 1600 facti
482 1570 597 1600 erant.
635 1565 750 1611 legati
768 1566 922 1611 triginta
934 1566 1089 1600 Romam
1106 1570 1299 1610 venerunt,
1321 1579 1387 1611 per
1400 1579 1490 1612 quos
1506 1580 1543 1602 se

187 1612 510 1657 Carthaginienses
536 1611 732 1645 dedebant.
770 1611 920 1645 Catonis
945 1611 1130 1645 sententia
1147 1611 1251 1655 vicit,
1277 1616 1318 1646 ut
1337 1612 1374 1645 in
1395 1613 1543 1647 decreto

186 1660 412 1701 perstaretur
437 1660 474 1691 et
493 1660 534 1690 ut
553 1657 720 1690 consules
741 1667 850 1700 quam
868 1656 1025 1700 primum
1045 1657 1092 1690 ad
1111 1656 1249 1691 bellum
1268 1656 1542 1701 proficisceren—

186 1706 256 1735 tur.
293 1702 354 1746 qui
378 1701 442 1735 ubi
468 1702 505 1734 in
525 1701 691 1735 Africam
714 1701 957 1745 transierunt,
985 1701 1145 1745 acceptis
1166 1712 1255 1745 quos
1274 1702 1544 1746 imperaverant

187 1747 358 1781 trecentis
379 1746 567 1780 obsidibus
587 1750 624 1780 et
642 1746 750 1779 armis
772 1747 940 1780 omnibus
959 1746 1283 1791 instrumentisque
1297 1747 1402 1790 belli,
1424 1748 1453 1780 si
1469 1758 1542 1791 qua

188 1791 411 1837 Carthagine
432 1796 554 1834 erant,
576 1803 655 1825 011111
671 1803 713 1825 ex
728 1791 947 1825 auctoritate
961 1795 1105 1835 patrum
1121 1791 1306 1835 iuberent,
1326 1792 1417 1825 utin
1431 1793 1542 1826 alium

189 1837 305 1870 10011111
315 1863 323 1879 ,
345 1837 430 1869 (111111
446 1848 467 1870 a
480 1836 570 1870 mari
591 1837 718 1870 decem
730 1836 832 1870 inilia
845 1848 1018 1880 passuum
1031 1848 1076 1871 ne
1091 1837 1209 1870 minus
1222 1840 1418 1880 remotum,
1439 1837 1542 1881 oppi-

189 1882 274 1914 dum
292 1881 472 1923 facerent,
494 1881 714 1926 indignitate
732 1882 785 1915 rei
806 1882 853 1914 ad
872 1881 1084 1915 bellandum
1104 1881 1428 1926 Carthaginienses
1447 1893 1543 1915 com-

189 1926 370 1968 pulerunt.
407 1925 564 1959 obsideri
584 1926 862 1970 obpugnarique
882 1930 1013 1970 coepta
1028 1930 1083 1960 est
1096 1926 1281 1971 Carthago
1297 1938 1319 1960 a
1331 1926 1374 1960 L.
1390 1927 1541 1969 Marcio,

189 1971 248 2003 Μ’.
263 1970 415 2003 Manilio
430 1970 650 2003 consulibus.
682 1972 718 2003 in
734 1981 806 2014 qua
819 1970 1095 2015 obpugnatione
1110 1982 1191 2004 cum
1204 1972 1394 2017 neglectos
1409 1973 1455 2005 ab
1469 1983 1543 2004 una

189 2018 293 2059 parte
312 2025 433 2047 muros
453 2014 523 2047 duo
543 2014 682 2047 tribuni
700 2018 836 2048 temere
858 2026 939 2048 cum
959 2015 1169 2048 cohortibus
1183 2016 1255 2048 suis
1270 2017 1494 2060 inrupissent
1506 2020 1543 2049 et

191 2060 237 2093 ab
258 2058 452 2103 oppidanis
472 2060 632 2104 graviter
651 2059 906 2101 caederentur,
929 2070 951 2092 a
965 2058 1135 2103 Scipione
1149 2062 1172 2103 †
1187 2059 1366 2094 Orfitiano
1381 2060 1543 2105 expliciti

190 2108 284 2147 sunt,
304 2115 489 2148 perquem
504 2108 541 2138 et
553 2104 743 2137 castellum
756 2103 1013 2146 Romanorum,
1035 2104 1132 2147 quod
1146 2109 1252 2138 nocte
1266 2105 1541 2150 expugnabant,

189 2149 316 2193 paucis
346 2149 529 2192 equitibus
554 2149 762 2182 iuvantibus
788 2149 983 2182 liberatum
1009 2152 1074 2182 est.
1123 2152 1412 2193 castrorumque,
1446 2161 1541 2194 quae

190 2193 514 2238 Carthaginienses
540 2193 706 2227 omnibus
726 2193 839 2238 copiis
860 2194 906 2227 ab
925 2193 1015 2228 urbe
1034 2193 1172 2237 pariter
1192 2194 1331 2239 egressi
1349 2195 1541 2239 obpugna-

189 2239 296 2282 bant,
317 2239 553 2273 liberatorum
567 2239 596 2271 is
610 2238 688 2282 ipse
702 2239 939 2282 praecipuam
953 2238 1107 2283 gloriam
1121 2238 1216 2272 tulit.
1252 2243 1446 2283 praeterea
1459 2251 1541 2273 cum

192 2283 238 2317 ab
253 2283 362 2317 inrita
375 2283 651 2328 obpugnatione
667 2283 900 2328 Carthaginis
915 2283 1042 2316 consul
1052 2303 1097 2308 —
1111 2284 1204 2317 alter
1218 2284 1313 2317 enim
1325 2284 1480 2318 Romam
1494 2285 1541 2318 ad

191 2328 338 2362 comitia
350 2329 444 2361 ierat
456 2349 500 2352 —
514 2328 709 2362 exercitinn
724 2328 874 2362 duceret
887 2328 1059 2361 adversus
1073 2328 1345 2362 Hasdrubalem
1355 2355 1363 2371 ,
1385 2329 1541 2373 quicum

191 2373 314 2416 ampla
326 2384 438 2406 manu
451 2373 583 2406 saltum
596 2373 732 2406 inicum
746 2373 948 2416 insederat,
970 2373 1084 2406 suasit
1096 2373 1212 2417 primo
1226 2374 1383 2417 consuli,
1405 2385 1451 2408 ne
1464 2378 1541 2408 tam

189 2417 285 2451 inico
305 2418 384 2451 loco
405 2418 635 2462 confligeret,
655 2418 771 2451 victus
786 2418 916 2452 deinde
931 2418 1178 2461 conplurium,
1200 2419 1261 2462 qui
1275 2422 1312 2453 et
1323 2419 1540 2463 prudentiae

190 2462 267 2496 eius
287 2467 323 2496 et
340 2462 464 2496 virtuti
488 2463 718 2505 invidebant,
745 2462 934 2497 sententiis
960 2467 997 2497 et
1015 2463 1093 2507 ipse
1114 2463 1248 2497 saltum
1267 2463 1452 2509 ingressus
1473 2469 1539 2499 est.

191 2519 288 2550 cum,
310 2507 402 2541 sieut
420 2507 668 2551 praedixerat,
690 2508 792 2541 fusus
811 2507 1034 2553 fugatusque
1055 2513 1151 2543 esset
1163 2509 1349 2542 Romanus
1363 2509 1542 2544 exercitus

190 2556 227 2585 et
241 2553 333 2586 duae
348 2553 514 2587 cohortes
529 2553 575 2586 ab
589 2553 692 2587 hoste
707 2553 975 2596 obsiderentur,
998 2565 1080 2587 cum
1098 2554 1225 2598 paucis
1240 2553 1402 2598 equitum
1414 2555 1541 2588 turmis

190 2598 228 2630 in
247 2597 379 2631 saltum
398 2609 563 2631 reversus
581 2597 752 2632 liberavit
771 2610 833 2632 eas
854 2602 889 2632 et
902 2598 1103 2633 incolumes
1117 2599 1271 2632 reduxit.
1308 2610 1417 2643 quam
1429 2599 1540 2633 virtu-

190 2646 264 2675 tem
275 2642 351 2676 eius
366 2642 511 2686 etCato,
526 2644 580 2676 vir
592 2643 823 2687 promptioris
838 2644 884 2677 ad
898 2643 1177 2687 vituperandum
1192 2644 1351 2688 linguae,
1362 2644 1397 2677 in
1412 2649 1541 2679 senatu

191 2687 243 2721 sic
266 2691 480 2732 prosecutus
507 2692 578 2731 cst,
606 2691 647 2722 ut
671 2689 808 2723 diceret
830 2688 1008 2734 reliquos,
1036 2689 1097 2733 qui
1121 2689 1157 2722 111
1176 2689 1305 2726 Africa
1328 2690 1536 2733 militarent,
