1804 2926
228 197 311 237 200
464 201 755 236 PERIOCHAE
781 200 1047 235 LIBRORUM
1072 200 1269 235 XLVllIl.
1295 199 1337 233 L.

227 295 374 329 umbras
394 294 565 336 volitare,
588 292 795 336 Scipionem
813 292 955 337 vigere,
979 295 1014 325 et
1029 291 1184 336 populus
1198 291 1385 324 Romanus
1401 300 1443 323 eo
1457 287 1582 324 favore

227 340 455 384 e‹›xiiplex11S‚
482 342 523 372 ut
547 338 702 372 comitiis
723 337 902 382 plurimae
923 349 1004 371 eum
1025 337 1141 370 tribus
1161 336 1347 370 consulem
1367 334 1582 376 scriberent,

227 397 309 419 cum
323 385 390 418 hoc
404 395 469 428 per
482 386 643 417 aetatem
656 394 728 417 non
743 383 880 417 liceret.
907 394 986 416 cum
1005 382 1045 415 L.
1057 381 1266 416 Scribonius
1280 380 1450 413 tribunus
1463 379 1583 423 plebis

227 429 456 475 rogationem
470 428 751 473 promulgasset,
767 432 807 461 ut
822 428 1000 470 Lusitani,
1018 427 1078 472 qui
1093 427 1128 461 in
1142 426 1252 460 fidem
1267 425 1402 470 populo
1416 425 1582 458 Romano

227 475 342 509 dediti
356 474 401 508 ab
417 473 542 508 Servio
557 472 681 507 Galba
695 473 730 507 in
746 473 909 507 Galliam
922 475 1122 515 venissent,
1144 472 1181 505 in
1194 472 1403 505 libertatem
1416 469 1582 504 restitue-

227 525 369 563 rentur,
390 519 438 552 M.
454 520 545 553 Cato
561 519 736 553 acerrime
757 518 882 552 suasit.
919 522 1021 552 extat
1040 518 1155 552 oratio
1175 529 1219 552 ea
1238 517 1274 550 in
1296 515 1491 550 annalibus
1507 514 1584 548 cius

228 566 378 599 inclusa.
417 564 461 604 Q.
480 564 631 598 Fulvius
651 563 819 599 Nobilior
843 563 893 605 ei,
919 575 1028 607 saepe
1049 563 1096 597 ab
1119 573 1161 597 eo
1181 563 1217 595 in
1237 565 1367 595 senatu
1386 561 1581 601 laceratus,

227 610 417 655 respondit
434 621 500 654 pro
515 608 650 643 Galba.
686 609 764 653 ipse
786 619 929 653 quoque
944 607 1082 651 Galba,
1104 619 1185 641 cum
1200 619 1237 640 se
1253 605 1418 640 damnari
1432 605 1582 645 videret,

227 656 437 700 complexus
463 655 552 688 duos
578 654 673 688 filios
699 657 948 698 praetextatos
973 657 1009 687 et
1030 652 1168 697 Sulpici
1194 651 1294 686 Galli
1320 651 1453 693 filium,
1481 649 1583 683 cuius

226 705 325 735 tutor
339 704 429 742 erat,
451 700 503 733 ita
516 699 774 734 miserabiliter
786 710 851 743 pro
865 710 903 733 se
918 699 1060 732 locutus
1075 703 1141 740 est,
1162 701 1202 732 ut
1216 697 1360 742 rogatio
1376 696 1581 739 antiquare-

226 750 295 780 tur.
334 749 459 779 extant
478 749 552 778 tres
572 745 755 780 orationes
774 745 869 787 eius,
891 744 985 778 duae
1005 744 1177 777 adversus
1196 743 1377 776 Libonem
1396 741 1583 774 tribunum

226 791 345 836 plebis
358 790 660 835 rogationemque
676 790 752 824 eius
767 790 916 823 habitae
931 789 975 823 de
990 788 1188 831 Lusitanis,
1210 799 1284 821 una
1298 790 1425 821 contra
1438 785 1480 818 L.
1497 784 1582 819 Coi·-

227 837 363 870 nelium
377 836 593 880 Cethegum,
608 836 644 868 in
659 846 731 879 qua
745 835 943 868 Lusitanos
956 844 1069 878 prope
1083 844 1121 867 se
1136 837 1257 867 castra
1270 831 1441 866 habentis
1456 841 1583 864 caesos

227 882 379 924 fatetur,
406 881 504 924 quod
529 884 756 923 compertum
780 879 966 920 habuerit,
994 889 1088 922 equo
1115 882 1225 921 atque
1250 877 1397 911 homine
1422 886 1486 909 suo
1511 875 1584 908 ritu

226 925 423 960 immolatis
454 937 520 969 per
551 925 711 969 speciem
742 924 842 967 pacis
875 924 1009 957 adoriri
1042 923 1239 957 exercitum
1270 933 1374 955 suum
1399 921 1436 953 in
1462 920 1583 954 animo

227 971 411 1005 habuisse.
453 970 656 1003 Andriscus
682 969 848 1013 quidam,
875 968 1027 1002 ultimae
1052 967 1159 1001 sortis
1182 968 1308 1010 homo,
1334 964 1461 999 Persei
1484 976 1523 999 re
1555 964 1584 997 is

227 1016 342 1050 filium
355 1016 478 1050 ferens
495 1018 567 1057 [se]
582 1018 619 1048 et
632 1018 772 1048 mutato
786 1013 933 1047 nomine
948 1013 1141 1057 Philippus
1154 1016 1317 1054 vocatus,
1333 1022 1415 1045 cum
1432 1010 1479 1044 ab
1492 1021 1534 1043 ur
1564 1021 1583 1044 e

229 1062 360 1104 Roma,
388 1071 459 1105 quo
479 1060 581 1094 illum
600 1059 810 1093 Demetrius
830 1058 960 1103 Syriae
979 1069 1042 1092 rex
1061 1058 1107 1091 ob
1126 1058 1196 1091 hoc
1214 1057 1332 1101 ipsum
1352 1055 1583 1090 mendacium

225 1107 392 1149 miserat,
413 1105 508 1139 clam
522 1105 762 1150 profugisset,
784 1104 907 1137 multis
922 1103 969 1137 ad
981 1102 1114 1137 falsam
1129 1103 1206 1137 eius
1220 1102 1402 1145 fabulam,
1423 1100 1524 1135 velut
1537 1099 1584 1133 ad

225 1163 350 1186 veram
363 1150 592 1193 coeuntibus,
613 1153 800 1184 contracto
814 1149 975 1183 exercitu
987 1152 1102 1182 totam
1111 1147 1367 1182 Macedoniam
1383 1150 1446 1180 aut
1458 1145 1583 1180 volun-

226 1201 303 1232 tate
323 1196 561 1231 incolentium
581 1199 645 1230 aut
664 1194 774 1229 armis
787 1193 993 1239 occupavit.
1029 1193 1195 1228 fabulam
1210 1196 1333 1227 autem
1347 1192 1459 1226 talem
1472 1189 1583 1225 finxe—

225 1246 301 1277 rat:
326 1253 368 1276 ex
389 1241 531 1286 paelice
550 1252 589 1276 se
608 1244 646 1275 et
658 1240 794 1274 Perseo
813 1251 900 1285 rege
920 1243 1038 1274 ortum
1057 1239 1233 1272 traditum
1253 1237 1484 1271 educandum
1498 1235 1583 1270 Cre-

225 1287 320 1322 tensi
334 1287 479 1321 cuidam
493 1297 584 1330 esse,
604 1285 695 1320 utin
708 1285 797 1320 belli
812 1296 931 1329 casus,
951 1284 1050 1329 quod
1064 1284 1126 1319 ille
1141 1295 1222 1318 eum
1236 1281 1412 1316 Romanis
1426 1284 1583 1327 gereret,

226 1332 377 1376 aliquod
390 1332 490 1366 velut
502 1342 627 1366 semen
641 1330 764 1375 stirpis
777 1330 904 1376 regiae
919 1333 1070 1364 extaret.
1108 1327 1321 1373 Adramytti
1335 1338 1374 1362 se
1388 1328 1584 1362 educatum

225 1389 340 1422 usque
355 1377 402 1411 ad
416 1376 671 1411 duodecimum
685 1376 817 1411 aetatis
832 1387 978 1419 annum,
994 1379 1136 1420 patrem
1150 1385 1233 1408 eum
1246 1384 1324 1408 esse
1339 1372 1549 1407 credentem
1564 1382 1586 1405 a

226 1434 297 1467 quo
312 1423 540 1465 educaretur,
555 1422 725 1467 ignarum
739 1420 884 1472 generis
897 1420 1010 1456 fuisse
1024 1420 1090 1454 sui.
1123 1419 1270 1454 adfecto
1284 1418 1418 1452 deinde
1433 1428 1488 1460 eo,
1503 1427 1584 1450 cum

226 1479 340 1512 prope
355 1468 402 1501 ad
415 1467 582 1501 ultimum
595 1466 706 1501 finem
719 1470 817 1500 vitae
833 1469 940 1509 esset,
960 1466 1145 1500 detectam
1158 1464 1227 1498 sibi
1241 1464 1391 1497 tandem
1407 1462 1585 1507 originem

226 1524 329 1546 suam
348 1512 540 1556 falsaeque
559 1511 666 1546 matri
686 1511 852 1547 libellum
874 1511 999 1544 datum
1014 1510 1118 1555 signo
1132 1509 1259 1544 Persei
1272 1508 1370 1553 regis
1385 1508 1583 1552 signatum,

227 1569 335 1602 quem
355 1557 425 1590 sibi
444 1557 624 1599 traderet,
646 1568 728 1590 cum
748 1556 795 1590 ad
815 1556 992 1599 puberem
1008 1559 1168 1589 aetatem
1182 1554 1354 1596 venisset,
1370 1552 1583 1586 obtestatio-

227 1613 366 1646 nesque
385 1601 534 1635 ultimas
555 1601 738 1643 adiectas,
760 1604 801 1634 ut
819 1612 876 1635 res
889 1600 926 1633 in
941 1600 1083 1634 occulto
1099 1600 1145 1633 ad
1158 1599 1195 1633 id
1209 1603 1353 1643 tempus
1367 1601 1584 1632 servaretur.

226 1646 441 1692 pubescenti
465 1646 631 1680 libellum
655 1646 847 1688 traditum,
872 1646 909 1679 in
935 1656 1005 1689 quo
1030 1644 1148 1679 relicti
1173 1644 1243 1678 sibi
1262 1644 1333 1677 duo
1353 1642 1540 1677 thensauri
1563 1653 1586 1675 a.

226 1696 331 1737 patre
352 1692 573 1726 dicerentur.
609 1695 685 1726 tum
700 1690 831 1726 scienti
844 1691 1033 1726 mulierem
1047 1701 1127 1724 sese
1142 1688 1328 1723 subditum
1343 1700 1438 1731 esse,
1461 1698 1585 1722 veram

226 1738 376 1782 stirpem
397 1736 581 1782 ignoranti
601 1736 758 1771 edidisse
778 1747 894 1781 genus
915 1739 1026 1779 atque
1045 1735 1286 1778 obtestatam,
1307 1738 1348 1769 ut
1360 1733 1461 1779 prius
1475 1743 1584 1777 quam

226 1786 393 1817 manaret
407 1783 454 1816 ad
468 1782 658 1816 Eumenen
671 1792 740 1824 res,
762 1781 898 1815 Perseo
912 1780 1115 1823 inimicum,
1137 1779 1330 1814 excederet
1344 1779 1396 1813 eis
1410 1778 1517 1820 locis,
1539 1789 1584 1811 ne

226 1827 504 1862 interficeretur.
543 1838 586 1861 eo
607 1838 645 1861 se
659 1826 887 1869 exterritum,
908 1825 1014 1859 simul
1027 1829 1237 1869 sperantem
1253 1824 1401 1868 aliquod
1416 1834 1438 1857 a
1451 1823 1584 1858 Deme-

226 1873 295 1907 trio
310 1872 501 1916 auxilium,
523 1871 560 1905 in
575 1871 718 1916 Syriam
733 1883 771 1906 se
785 1871 983 1906 contulisse
998 1875 1108 1915 atque
1122 1870 1172 1904 ibi
1186 1869 1359 1915 primum,
1382 1869 1462 1914 quis
1476 1871 1583 1912 essct,

226 1918 350 1963 palam
364 1928 575 1962 expromere
590 1928 727 1951 ausum.

815 1970 865 1995 EX
878 1970 950 1994 ΜΒ.
965 1970 998 1994 L.

294 2007 508 2051 Thessalia,
530 2019 611 2042 cum
627 2011 663 2043 et
676 2007 778 2042 illam
792 2007 964 2042 invadere
980 2007 1089 2042 armis
1104 2010 1213 2051 atque
1228 2017 1407 2051 occupare
1422 2005 1584 2040 Pseudo-

227 2053 413 2098 philippus
432 2053 560 2097 vellet,
587 2065 652 2098 per
670 2053 814 2097 legatos
833 2053 1081 2087 Romanorum
1101 2052 1244 2086 auxiliis
1263 2053 1498 2086 Achaeorum
1523 2051 1583 2085 de-

226 2099 331 2133 fensa
349 2102 415 2133 est.
452 2099 601 2132 Prusias
620 2110 682 2132 rex
695 2099 909 2143 Bithyniae,
932 2098 1091 2132 omnium
1110 2097 1467 2141 humillimorumque
1480 2095 1584 2129 vitio-

225 2155 322 2187 rum,
354 2156 377 2178 a
401 2143 601 2179 Nicomede
633 2143 710 2178 filio
741 2144 940 2178 adiuvante
964 2143 1094 2177 Attalo
1119 2154 1208 2187 rege
1231 2142 1405 2187 Pergami
1429 2141 1583 2184 occisus,

226 2189 389 2223 habebat
409 2189 564 2225 alterum
583 2189 717 2232 filium,
740 2188 802 2233 qui
820 2200 886 2234 pro
906 2188 1095 2233 superiore
1115 2188 1241 2222 ordine
1256 2187 1419 2222 dentium
1434 2190 1582 2220 enatum

225 2234 398 2269 habuisse
424 2246 536 2268 unum
561 2246 601 2268 os
626 2234 816 2268 continens
843 2234 986 2268 dicitur.
1024 2244 1106 2268 cum
1131 2237 1204 2267 tres
1224 2233 1368 2277 legatos
1388 2232 1435 2265 ad
1455 2242 1583 2275 pacem

226 2279 320 2313 inter
334 2280 559 2315 Nicomeden
574 2283 611 2314 et
623 2279 792 2314 Prusiam
805 2279 1015 2314 faciendam
1031 2279 1077 2313 ad
1091 2278 1277 2313 Romanos
1291 2277 1485 2320 misissent,
1501 2288 1582 2309 eum

226 2336 318 2357 unus
333 2336 376 2359 ex
389 2325 432 2358 iis
446 2325 570 2358 multis
585 2324 819 2359 cicatricibus
832 2335 1000 2369 sparsum
1014 2327 1126 2368 caput
1138 2323 1304 2365 haberet,
1320 2323 1414 2356 alter
1427 2321 1584 2366 pedibus

227 2381 338 2414 aeger
363 2373 476 2414 esset,
502 2370 632 2404 tertius
656 2369 804 2415 ingenio
832 2380 953 2404 socors
978 2369 1194 2412 haberetur,
1221 2368 1311 2402 dixit
1330 2367 1421 2402 Cato
1447 2378 1531 2401 eam
1547 2366 1583 2399 in

228 2414 466 2459 legationem,
487 2425 555 2449 nec
569 2419 681 2459 caput
695 2426 763 2449 nee
775 2415 889 2459 pedes
902 2426 971 2449 nec
985 2425 1047 2449 cor
1059 2415 1207 2448 habere.
1234 2413 1270 2447 in
1287 2412 1409 2458 Syria,
1431 2423 1526 2456 quae
1540 2422 1583 2446 eo

228 2463 390 2503 tempore
404 2460 516 2504 stirpe
530 2460 676 2505 generis
690 2471 817 2504 parem
830 2461 909 2506 regi
923 2460 1178 2503 Macedonum,
1198 2459 1331 2493 inertia
1345 2457 1582 2501 socordiaque

229 2504 380 2538 similem
394 2505 547 2539 Prusiae
568 2516 694 2549 regem
708 2505 889 2549 habebat,
905 2506 1049 2540 iacente
1065 2516 1108 2539 eo
1122 2505 1160 2539 in
1174 2515 1295 2549 ganea
1308 2507 1345 2537 et
1358 2502 1480 2537 lustris
1494 2503 1580 2535 Am-

228 2549 371 2599 monius
384 2550 584 2596 regnabat,
605 2562 670 2594 per
684 2561 791 2593 quem
805 2554 842 2584 et
856 2551 963 2584 amici
978 2562 1101 2585 omnes
1115 2550 1213 2595 regis
1228 2553 1264 2583 et
1277 2548 1438 2582 Laodice
1453 2547 1583 2591 regina

229 2597 265 2626 et
286 2594 493 2638 Antigonus
512 2594 677 2629 Demetri
702 2593 798 2628 filius
825 2595 934 2629 occisi
953 2599 1048 2629 sunt.
1084 2595 1281 2629 Masinissa
1300 2593 1495 2629 Numidiae
1520 2602 1582 2625 rex

229 2638 344 2671 maior
357 2639 559 2683 nonaginta
573 2640 678 2673 annis
692 2640 859 2682 decessit,
881 2640 935 2673 vir
949 2641 1114 2685 insignis.
1150 2639 1245 2674 inter
1263 2642 1385 2674 cetera
1398 2636 1581 2671 iuvenalia

230 2694 358 2727 opera,
381 2695 473 2727 quac
495 2685 541 2718 ad
562 2685 727 2718 ultimum
747 2685 878 2727 edidit,
902 2685 994 2719 adeo
1009 2685 1119 2720 ctiam
1134 2684 1289 2720 Veneris
1304 2695 1371 2718 usu
1383 2683 1418 2716 in
1433 2685 1580 2716 senecta
