1804 2926
492 148 644 182 [ABER
668 146 916 189 xxxxiffl,
941 144 997 178 22.
1026 146 1074 188 [a.
1091 144 1130 178 0.
1148 145 1230 186 ms]
1460 134 1536 174 127

187 266 308 295 nemo
333 250 526 292 exstabit.
586 265 683 290 nam
708 263 820 290 nunc
845 248 1014 302 quidem
1039 247 1151 301 quod
1176 247 1304 302 vulgo
1329 246 1432 296 fieri,
1457 245 1535 286 hoc

186 313 408 370 praecipue
430 312 552 361 bello,
572 311 860 359 animadverti,
885 325 1008 351 nemo
1023 318 1108 350 tam
1128 310 1265 351 famae
1280 316 1540 363 contemptor

187 383 267 425 est,
300 375 418 416 cuius
443 389 527 415 non
552 373 759 415 debilitari
784 373 947 413 animus
972 372 1115 427 possit.
1175 373 1218 412 in
1243 371 1436 412 omnibus
1462 370 1540 411 cir·-
1566 384 1579 396 Γ

186 438 308 486 culis,
345 444 469 490 atque
506 436 649 485 etiam,
688 436 723 476 si
759 436 820 476 dis
857 435 1013 490 placet,
1052 434 1094 475 in
1127 435 1311 475 convivis
1341 442 1436 474 sunt
1469 433 1539 486 qui

186 499 391 541 exercitus
416 499 459 539 in
483 498 778 539 Macedoniam
804 498 972 546 ducant,
998 497 1070 537 ubi
1096 506 1232 538 castra
1256 497 1433 537 locanda
1459 495 1538 536 sint

187 562 338 609 sciant,
370 575 478 614 quae
509 561 600 601 loca
625 560 841 614 praesidiis
868 560 1133 613 occupanda,
1168 559 1336 612 quando
1362 566 1433 598 aut
1458 571 1540 610 quo

185 625 294 665 saltu
318 623 510 664 intranda
522 623 788 671 Macedonia,
815 622 886 663 ubi
912 623 1059 663 horrea
1084 622 1290 677 ponenda,
1316 636 1399 674 qua
1418 630 1540 668 terra,

185 685 290 726 mari
315 685 600 726 subvehantur
625 694 902 733 commeatus,
936 685 1102 738 quando
1130 699 1225 725 cum
1250 684 1367 724 hoste
1392 697 1541 723 manus

191 748 492 796 conserendae,
525 748 693 800 quando
719 748 883 801 quiesse
909 747 959 787 sit
992 748 1152 788 melius.
1212 761 1289 787 nec
1315 746 1416 799 quid
1440 745 1542 786 faci-

188 810 342 850 endum
375 810 425 850 sit
453 810 576 850 modo
602 818 809 857 statuunt,
843 809 915 850 sed
943 809 1145 862 quidquid
1170 809 1289 849 aliter
1313 823 1439 862 quam
1463 808 1543 862 ipsi

188 885 387 912 censuere
413 872 571 912 factum
597 880 678 919 est,
710 871 924 912 consulem
950 870 1078 911 veluti
1104 871 1215 911 dicta
1240 870 1304 911 die
1331 880 1540 910 accusant.

186 933 289 974 haec
313 948 467 987 magna
491 933 788 987 impedimenta
812 948 878 974 res
903 933 1159 988 gerentibus,
1186 947 1292 985 quae
1319 931 1350 987 [.
1365 963 1374 972 .
1392 930 1443 986 .];
1469 947 1541 972 ne-

187 1010 269 1048 que
306 995 416 1036 enim
452 1010 595 1035 omnes
633 1003 718 1035 tam
754 996 861 1035 firmi
898 1003 939 1036 et
975 995 1202 1035 constantis
1239 994 1367 1035 animi
1398 1003 1542 1035 contra

188 1057 409 1097 adversum
434 1071 644 1097 rumorem
669 1072 758 1098 esse
784 1065 958 1111 possunt
984 1055 1152 1111 [quam]
1181 1056 1234 1108 Q.
1260 1056 1421 1096 Fabius
1447 1055 1539 1103 fuit,

187 1119 259 1172 qui
292 1134 414 1159 suum
446 1119 668 1172 imperium
698 1119 828 1159 minui
859 1134 933 1172 per
965 1119 1192 1159 vanitatem
1225 1118 1370 1172 populi
1394 1117 1542 1157 maluit

187 1195 314 1234 quam
334 1182 517 1222 secunda
541 1181 654 1221 fama
673 1181 781 1221 male
800 1196 889 1221 rem
913 1181 1125 1234 publicam
1145 1195 1303 1234 gerere.
1342 1194 1425 1220 non
1449 1194 1541 1219 sum

186 1244 241 1292 is,
279 1243 351 1296 qui
386 1257 469 1283 non
506 1243 754 1283 existumem
791 1243 1075 1282 admonendos
1108 1243 1235 1283 duces
1268 1257 1377 1291 esse3
1415 1241 1541 1281 immo

188 1320 304 1353 eum,
330 1305 402 1357 qui
428 1305 479 1345 de
505 1319 581 1344 sua
604 1304 728 1344 unius
754 1304 958 1344 sententia
982 1304 1122 1344 onmia
1146 1311 1283 1358 gerat,
1316 1304 1543 1357 superbum

186 1366 325 1406 iudico
350 1366 483 1419 magis
515 1380 643 1418 quam
674 1365 918 1420 sapientem.
979 1366 1080 1418 qnid
1114 1380 1213 1419 ergo
1239 1366 1325 1406 est?
1361 1366 1543 1418 primum
1592 1381 1597 1387 ·

187 1443 212 1468 a
234 1427 509 1482 prudentibus
535 1435 575 1467 et
600 1427 765 1481 proprie
785 1427 844 1467 rei
869 1426 1057 1467 militaris
1083 1427 1225 1480 peritis
1248 1435 1286 1468 et
1309 1442 1388 1466 usu
1410 1426 1542 1466 doctis

186 1489 383 1529 monendi
418 1489 689 1543 imperatores
723 1496 838 1538 sunt,
877 1489 1026 1529 deinde
1053 1489 1106 1529 ab
1138 1488 1202 1529 his
1234 1488 1305 1541 qui
1336 1488 1541 1528 intersunt

185 1550 379 1605 gerendis
414 1549 578 1605 [rebus‚
615 1548 708 1605 qui]
734 1551 845 1598 loca,
884 1551 955 1603 qui
987 1550 1168 1599 hostem,
1206 1550 1278 1604 qui
1308 1558 1541 1604 temporum

187 1612 539 1667 opportunitatem
564 1612 720 1661 vident,
746 1613 817 1666 qui
842 1613 885 1653 in
910 1612 1059 1653 eodem
1084 1613 1199 1653 velut
1223 1612 1392 1666 navigio
1416 1612 1544 1666 parti-

187 1675 299 1729 cipes
326 1682 422 1715 sunt
445 1674 633 1728 periculi.
671 1674 812 1728 itaque
838 1675 873 1715 si
898 1675 990 1728 quis
1017 1683 1092 1723 est,
1117 1674 1189 1728 qui
1214 1675 1326 1727 quod
1351 1689 1373 1715 e
1397 1689 1442 1714 re
1466 1688 1545 1728 pu-

187 1736 297 1777 blica
321 1736 373 1776 sit
397 1736 572 1777 suadere
599 1751 642 1777 se
666 1736 769 1776 mihi
793 1736 836 1777 in
857 1751 905 1777 eo
931 1736 1054 1785 bello,
1080 1736 1193 1789 quod
1216 1743 1411 1790 gesturus
1437 1751 1543 1782 sum,

189 1797 382 1845 confidat,
408 1797 442 1837 is
467 1813 520 1838 ne
546 1798 722 1852 deneget
755 1813 926 1852 operam
956 1798 1017 1839 rei
1046 1798 1240 1852 publicae
1266 1806 1305 1838 et
1329 1798 1373 1838 in
1398 1797 1544 1837 Mace-

189 1859 358 1899 doniam
382 1874 547 1900 mecum
571 1860 724 1900 veniat.
783 1875 909 1909 nave,
936 1874 1057 1913 equo,
1083 1860 1367 1909 tabernaculo,
1392 1860 1543 1900 viatico

191 1920 315 1961 etiam
341 1935 365 1960 a
389 1935 455 1961 me
479 1920 703 1961 iuvabitur.
740 1921 772 1961 si
799 1936 925 1974 quem
949 1921 992 1961 id
1016 1921 1155 1962 facere
1181 1922 1296 1976 piget
1316 1920 1397 1976 [et]
1413 1921 1543 1961 otium

190 1983 399 2023 urbanum
423 1982 593 2023 militiae
617 1982 831 2023 laboribus
856 1990 1094 2038 praeoptat,
1127 1998 1148 2023 e
1173 1991 1283 2023 terra
1306 1998 1358 2023 ne
1389 1983 1545 2036 guber-

191 2044 363 2085 naverit.
424 2058 661 2084 sermonum
693 2044 792 2085 satis
822 2044 912 2098 ipsa
943 2044 1115 2098 praebet
1145 2044 1258 2084 urbs.
1317 2043 1546 2096 loquacita—

192 2118 276 2147 tem
308 2121 427 2146 suam
459 2106 686 2147 contineat:
725 2120 800 2146 nos
833 2106 1114 2147 castrensibus
1140 2105 1305 2146 consilis
1331 2113 1544 2147 contentos

193 2168 356 2209 futuros
382 2182 472 2209 esse
499 2167 627 2208 sciat.’
666 2168 719 2208 ab
743 2167 821 2209 hac
847 2168 1053 2215 contione,
1074 2166 1253 2215 Latinis,
1279 2181 1386 2220 quae
1411 2166 1543 2221 pridie

193 2229 275 2270 kal.
301 2229 469 2283 Apriles
499 2229 687 2278 fuerunt,
723 2230 767 2269 in
796 2237 937 2270 monte
969 2229 1169 2269 sacrificio
1201 2229 1277 2270 rite
1308 2236 1545 2283 perpetrato

194 2291 382 2346 protinus
413 2292 508 2332 inde
540 2302 581 2332 et
611 2292 756 2332 consul
782 2299 821 2332 et
853 2299 1020 2345 praetor
1046 2289 1124 2332 Cn.
1153 2289 1358 2331 Octavius
1383 2290 1426 2330 in
1450 2290 1546 2330 Ma-

195 2354 413 2395 cedoniam
444 2354 621 2408 profecti
652 2362 760 2394 sunt.
821 2353 1019 2394 traditum
1044 2352 1269 2394 memoriae
1296 2360 1358 2393 est
1388 2352 1544 2392 maiore

195 2430 324 2469 quam
349 2416 468 2456 solita
493 2416 728 2469 frequentia
752 2415 1093 2470 prosequentium
1119 2415 1333 2456 consulem
1364 2414 1547 2455 celebra-

195 2490 284 2519 tum
316 2493 364 2519 ac
401 2492 530 2533 prope
563 2487 675 2519 certa
706 2493 779 2533 spe
811 2478 1015 2519 ominatos
1047 2492 1137 2518 esse
1174 2477 1384 2525 homines,
1421 2476 1545 2516 finem

195 2541 472 2582 Elacedonico
521 2541 629 2582 bello
671 2548 965 2593 maturumque
1009 2540 1188 2581 reditum
1232 2554 1327 2580 cum
1376 2538 1545 2593 egregio

196 2603 406 2658 triumpho
433 2603 612 2644 consulis
638 2603 739 2644 fore.

1564 261 1578 288 7

1565 395 1582 413 O

1568 942 1608 971 10

1570 1191 1605 1217 11

1572 1683 1610 1711 13

1572 1932 1610 1959 14

1574 2055 1612 2083 15

1573 2179 1611 2207 1⁴2·

1574 2365 1610 2393 1?
