<?xml version="1.0" encoding="UTF-8"?>
<!DOCTYPE html PUBLIC "-//W3C//DTD XHTML 1.0 Transitional//EN"
    "http://www.w3.org/TR/xhtml1/DTD/xhtml1-transitional.dtd">
<html xmlns="http://www.w3.org/1999/xhtml" xml:lang="en" lang="en">
 <head>
  <title>
</title>
<meta http-equiv="Content-Type" content="text/html;charset=utf-8" />
  <meta name='ocr-system' content='tesseract 3.04.00' />
  <meta name='ocr-capabilities' content='ocr_page ocr_carea ocr_par ocr_line ocrx_word'/>
</head>
<body>
  <div class='ocr_page' id='page_1' title='image "./aburbeconditalib04livyuoft_0207.png"; bbox 0 0 1804 2926; ppageno 0'>
   <div class='ocr_carea' id='block_1_1' title="bbox 483 150 1566 202">
    <p class='ocr_par' dir='ltr' id='par_1_1' title="bbox 483 150 1566 202">
     <span class='ocr_line' id='line_1_1' title="bbox 483 150 1566 202; baseline -0.007 -5"><span class='ocrx_word' id='word_1_1' title='bbox 483 161 635 196; x_wconf 80' lang='lat' dir='ltr'>LIBER</span> <span class='ocrx_word' id='word_1_2' title='bbox 658 158 905 202; x_wconf 77' lang='lat' dir='ltr'>xxxxnn,</span> <span class='ocrx_word' id='word_1_3' title='bbox 932 158 987 192; x_wconf 60' lang='lat' dir='ltr'>ss.</span> <span class='ocrx_word' id='word_1_4' title='bbox 1008 158 1062 191; x_wconf 76' lang='lat'>29.</span> <span class='ocrx_word' id='word_1_5' title='bbox 1091 157 1197 199; x_wconf 70' lang='lat' dir='ltr'>[ae</span> <span class='ocrx_word' id='word_1_6' title='bbox 1214 158 1295 200; x_wconf 65' lang='lat' dir='ltr'>ios]</span> <span class='ocrx_word' id='word_1_7' title='bbox 1487 150 1566 190; x_wconf 76' lang='lat'>133</span> 
     </span>
    </p>
   </div>
   <div class='ocr_carea' id='block_1_2' title="bbox 217 261 1570 1246">
    <p class='ocr_par' dir='ltr' id='par_1_2' title="bbox 217 261 1570 1246">
     <span class='ocr_line' id='line_1_2' title="bbox 218 261 1565 320; baseline -0.005 -12"><span class='ocrx_word' id='word_1_8' title='bbox 218 268 325 308; x_wconf 84' lang='lat' dir='ltr'>forte</span> <span class='ocrx_word' id='word_1_9' title='bbox 350 273 515 320; x_wconf 85' lang='lat' dir='ltr'>postero</span> <span class='ocrx_word' id='word_1_10' title='bbox 541 264 606 304; x_wconf 90' lang='lat' dir='ltr'>die</span> <span class='ocrx_word' id='word_1_11' title='bbox 632 277 757 316; x_wconf 87' lang='lat' dir='ltr'>quam</span> <span class='ocrx_word' id='word_1_12' title='bbox 785 261 947 304; x_wconf 82' lang='lat' dir='ltr'>Subota</span> <span class='ocrx_word' id='word_1_13' title='bbox 973 262 1115 302; x_wconf 87' lang='lat' dir='ltr'>classis</span> <span class='ocrx_word' id='word_1_14' title='bbox 1140 262 1291 310; x_wconf 88' lang='lat' dir='ltr'>tenuit,</span> <span class='ocrx_word' id='word_1_15' title='bbox 1317 262 1501 315; x_wconf 88' lang='lat' dir='ltr'>quinque</span> <span class='ocrx_word' id='word_1_16' title='bbox 1528 271 1565 301; x_wconf 82' lang='lat' dir='ltr'>et</span> 
     </span>
     <span class='ocr_line' id='line_1_3' title="bbox 217 323 1567 383; baseline -0.004 -14"><span class='ocrx_word' id='word_1_17' title='bbox 217 329 386 383; x_wconf 82' lang='lat' dir='ltr'>triginta</span> <span class='ocrx_word' id='word_1_18' title='bbox 410 341 550 374; x_wconf 83' lang='lat' dir='ltr'>naves,</span> <span class='ocrx_word' id='word_1_19' title='bbox 576 339 680 378; x_wconf 84' lang='lat' dir='ltr'>quas</span> <span class='ocrx_word' id='word_1_20' title='bbox 705 325 970 379; x_wconf 74' lang='lat' dir='ltr'>hippagogus</span> <span class='ocrx_word' id='word_1_21' title='bbox 997 334 1166 371; x_wconf 80' lang='lat' dir='ltr'>vocant,</span> <span class='ocrx_word' id='word_1_22' title='bbox 1194 324 1245 364; x_wconf 86' lang='lat' dir='ltr'>ab</span> <span class='ocrx_word' id='word_1_23' title='bbox 1274 324 1405 364; x_wconf 80' lang='lat' dir='ltr'>Elaea</span> <span class='ocrx_word' id='word_1_24' title='bbox 1429 323 1567 378; x_wconf 84' lang='lat' dir='ltr'>profe-</span> 
     </span>
     <span class='ocr_line' id='line_1_4' title="bbox 219 385 1567 440; baseline -0.005 -9"><span class='ocrx_word' id='word_1_25' title='bbox 219 401 308 431; x_wconf 87' lang='lat' dir='ltr'>ctae</span> <span class='ocrx_word' id='word_1_26' title='bbox 328 404 423 429; x_wconf 90' lang='lat' dir='ltr'>cum</span> <span class='ocrx_word' id='word_1_27' title='bbox 442 387 650 440; x_wconf 88' lang='lat' dir='ltr'>equitibus</span> <span class='ocrx_word' id='word_1_28' title='bbox 666 385 800 428; x_wconf 85' lang='lat' dir='ltr'>Gallis</span> <span class='ocrx_word' id='word_1_29' title='bbox 822 386 1022 439; x_wconf 89' lang='lat' dir='ltr'>equisque</span> <span class='ocrx_word' id='word_1_30' title='bbox 1044 385 1213 426; x_wconf 85' lang='lat' dir='ltr'>Phanas</span> <span class='ocrx_word' id='word_1_31' title='bbox 1233 385 1567 440; x_wconf 87' lang='lat' dir='ltr'>promunturium</span> 
     </span>
     <span class='ocr_line' id='line_1_5' title="bbox 219 447 1568 503; baseline -0.004 -11"><span class='ocrx_word' id='word_1_32' title='bbox 219 449 420 492; x_wconf 83' lang='lat' dir='ltr'>Chiorum</span> <span class='ocrx_word' id='word_1_33' title='bbox 438 449 648 503; x_wconf 77' lang='lat' dir='ltr'>petebant,</span> <span class='ocrx_word' id='word_1_34' title='bbox 670 448 780 488; x_wconf 88' lang='lat' dir='ltr'>unde</span> <span class='ocrx_word' id='word_1_35' title='bbox 802 448 1080 488; x_wconf 68' lang='lat' dir='ltr'>transmittere</span> <span class='ocrx_word' id='word_1_36' title='bbox 1100 448 1143 487; x_wconf 88' lang='lat' dir='ltr'>in</span> <span class='ocrx_word' id='word_1_37' title='bbox 1156 447 1451 488; x_wconf 53' lang='lat' dir='ltr'>EIacedoniam</span> <span class='ocrx_word' id='word_1_38' title='bbox 1472 461 1568 501; x_wconf 83' lang='lat' dir='ltr'>pos—</span> 
     </span>
     <span class='ocr_line' id='line_1_6' title="bbox 219 509 1568 562; baseline -0.004 -9"><span class='ocrx_word' id='word_1_39' title='bbox 219 520 321 553; x_wconf 89' lang='lat' dir='ltr'>sent.</span> <span class='ocrx_word' id='word_1_40' title='bbox 381 511 525 551; x_wconf 79' lang='lat' dir='ltr'>Attalo</span> <span class='ocrx_word' id='word_1_41' title='bbox 558 510 610 550; x_wconf 87' lang='lat' dir='ltr'>ab</span> <span class='ocrx_word' id='word_1_42' title='bbox 642 509 833 550; x_wconf 81' lang='lat' dir='ltr'>Eumene</span> <span class='ocrx_word' id='word_1_43' title='bbox 871 509 1152 550; x_wconf 78' lang='lat' dir='ltr'>mittebantur.</span> <span class='ocrx_word' id='word_1_44' title='bbox 1219 509 1293 549; x_wconf 90' lang='lat' dir='ltr'>has</span> <span class='ocrx_word' id='word_1_45' title='bbox 1330 524 1458 549; x_wconf 77' lang='lat' dir='ltr'>naves</span> <span class='ocrx_word' id='word_1_46' title='bbox 1494 522 1568 562; x_wconf 89' lang='lat' dir='ltr'>per</span> 
     </span>
     <span class='ocr_line' id='line_1_7' title="bbox 219 570 1567 626; baseline -0.004 -12"><span class='ocrx_word' id='word_1_47' title='bbox 219 575 347 614; x_wconf 89' lang='lat' dir='ltr'>altum</span> <span class='ocrx_word' id='word_1_48' title='bbox 367 573 465 613; x_wconf 90' lang='lat' dir='ltr'>ferri</span> <span class='ocrx_word' id='word_1_49' title='bbox 487 587 582 612; x_wconf 87' lang='lat' dir='ltr'>eum</span> <span class='ocrx_word' id='word_1_50' title='bbox 602 587 654 612; x_wconf 85' lang='lat' dir='ltr'>ex</span> <span class='ocrx_word' id='word_1_51' title='bbox 675 572 845 626; x_wconf 86' lang='lat' dir='ltr'>specula</span> <span class='ocrx_word' id='word_1_52' title='bbox 870 571 1035 625; x_wconf 86' lang='lat' dir='ltr'>signum</span> <span class='ocrx_word' id='word_1_53' title='bbox 1056 571 1200 611; x_wconf 88' lang='lat' dir='ltr'>datum</span> <span class='ocrx_word' id='word_1_54' title='bbox 1219 570 1426 612; x_wconf 82' lang='lat' dir='ltr'>Antenori</span> <span class='ocrx_word' id='word_1_55' title='bbox 1445 578 1567 618; x_wconf 88' lang='lat' dir='ltr'>esset,</span> 
     </span>
     <span class='ocr_line' id='line_1_8' title="bbox 218 630 1567 689; baseline -0.003 -14"><span class='ocrx_word' id='word_1_56' title='bbox 218 635 429 689; x_wconf 86' lang='lat' dir='ltr'>profectus</span> <span class='ocrx_word' id='word_1_57' title='bbox 472 630 525 675; x_wconf 87' lang='lat' dir='ltr'>ab</span> <span class='ocrx_word' id='word_1_58' title='bbox 562 631 734 675; x_wconf 87' lang='lat' dir='ltr'>Subotis</span> <span class='ocrx_word' id='word_1_59' title='bbox 776 633 882 673; x_wconf 85' lang='lat' dir='ltr'>inter</span> <span class='ocrx_word' id='word_1_60' title='bbox 917 632 1197 686; x_wconf 76' lang='lat' dir='ltr'>Erythrarum</span> <span class='ocrx_word' id='word_1_61' title='bbox 1231 631 1567 686; x_wconf 85' lang='lat' dir='ltr'>promunturium</span> 
     </span>
     <span class='ocr_line' id='line_1_9' title="bbox 219 692 1569 748; baseline -0.002 -13"><span class='ocrx_word' id='word_1_62' title='bbox 219 693 470 748; x_wconf 77' lang='lat' dir='ltr'>Chiumque,</span> <span class='ocrx_word' id='word_1_63' title='bbox 497 709 580 748; x_wconf 88' lang='lat' dir='ltr'>qua</span> <span class='ocrx_word' id='word_1_64' title='bbox 605 694 858 735; x_wconf 86' lang='lat' dir='ltr'>artissimum</span> <span class='ocrx_word' id='word_1_65' title='bbox 882 695 1035 735; x_wconf 84' lang='lat' dir='ltr'>fretum</span> <span class='ocrx_word' id='word_1_66' title='bbox 1061 703 1142 743; x_wconf 87' lang='lat' dir='ltr'>est,</span> <span class='ocrx_word' id='word_1_67' title='bbox 1168 697 1202 735; x_wconf 77' lang='lat' dir='ltr'>is</span> <span class='ocrx_word' id='word_1_68' title='bbox 1228 693 1418 734; x_wconf 87' lang='lat' dir='ltr'>occurrit.</span> <span class='ocrx_word' id='word_1_69' title='bbox 1466 692 1569 733; x_wconf 82' lang='lat' dir='ltr'>nihil</span> 
     </span>
     <span class='ocr_line' id='line_1_10' title="bbox 218 754 1568 810; baseline -0.001 -13"><span class='ocrx_word' id='word_1_70' title='bbox 218 758 355 797; x_wconf 86' lang='lat' dir='ltr'>minus</span> <span class='ocrx_word' id='word_1_71' title='bbox 381 757 547 798; x_wconf 86' lang='lat' dir='ltr'>credere</span> <span class='ocrx_word' id='word_1_72' title='bbox 572 756 988 810; x_wconf 84' lang='lat' dir='ltr'>praefectiEumenis</span> <span class='ocrx_word' id='word_1_73' title='bbox 1014 770 1140 809; x_wconf 87' lang='lat' dir='ltr'>quam</span> <span class='ocrx_word' id='word_1_74' title='bbox 1153 756 1438 796; x_wconf 83' lang='lat' dir='ltr'>Macedonum</span> <span class='ocrx_word' id='word_1_75' title='bbox 1463 754 1568 795; x_wconf 88' lang='lat' dir='ltr'>clas-</span> 
     </span>
     <span class='ocr_line' id='line_1_11' title="bbox 218 817 1570 873; baseline -0.002 -13"><span class='ocrx_word' id='word_1_76' title='bbox 218 836 305 861; x_wconf 88' lang='lat' dir='ltr'>sem</span> <span class='ocrx_word' id='word_1_77' title='bbox 331 820 373 859; x_wconf 92' lang='lat' dir='ltr'>in</span> <span class='ocrx_word' id='word_1_78' title='bbox 397 820 467 860; x_wconf 92' lang='lat' dir='ltr'>illo</span> <span class='ocrx_word' id='word_1_79' title='bbox 493 819 637 873; x_wconf 74' lang='lat' dir='ltr'>vagari</span> <span class='ocrx_word' id='word_1_80' title='bbox 662 819 785 858; x_wconf 84' lang='lat' dir='ltr'>mari:</span> <span class='ocrx_word' id='word_1_81' title='bbox 811 833 923 858; x_wconf 90' lang='lat' dir='ltr'>nunc</span> <span class='ocrx_word' id='word_1_82' title='bbox 948 819 1159 859; x_wconf 84' lang='lat' dir='ltr'>Romanos</span> <span class='ocrx_word' id='word_1_83' title='bbox 1186 834 1289 866; x_wconf 90' lang='lat' dir='ltr'>esse,</span> <span class='ocrx_word' id='word_1_84' title='bbox 1314 832 1425 858; x_wconf 88' lang='lat' dir='ltr'>nune</span> <span class='ocrx_word' id='word_1_85' title='bbox 1445 817 1570 857; x_wconf 84' lang='lat' dir='ltr'>Atta-</span> 
     </span>
     <span class='ocr_line' id='line_1_12' title="bbox 217 879 1568 933; baseline -0.003 -11"><span class='ocrx_word' id='word_1_86' title='bbox 217 882 324 930; x_wconf 92' lang='lat' dir='ltr'>lum,</span> <span class='ocrx_word' id='word_1_87' title='bbox 357 888 429 921; x_wconf 81' lang='lat' dir='ltr'>aut</span> <span class='ocrx_word' id='word_1_88' title='bbox 452 881 647 921; x_wconf 87' lang='lat' dir='ltr'>remissos</span> <span class='ocrx_word' id='word_1_89' title='bbox 674 881 835 933; x_wconf 89' lang='lat' dir='ltr'>aliquos</span> <span class='ocrx_word' id='word_1_90' title='bbox 861 880 913 920; x_wconf 87' lang='lat' dir='ltr'>ab</span> <span class='ocrx_word' id='word_1_91' title='bbox 939 880 1083 920; x_wconf 76' lang='lat' dir='ltr'>Attalo</span> <span class='ocrx_word' id='word_1_92' title='bbox 1116 896 1166 921; x_wconf 82' lang='lat' dir='ltr'>ex</span> <span class='ocrx_word' id='word_1_93' title='bbox 1197 879 1341 922; x_wconf 83' lang='lat' dir='ltr'>castris</span> <span class='ocrx_word' id='word_1_94' title='bbox 1367 879 1568 919; x_wconf 80' lang='lat' dir='ltr'>Romanis</span> 
     </span>
     <span class='ocr_line' id='line_1_13' title="bbox 220 941 1569 997; baseline -0.002 -14"><span class='ocrx_word' id='word_1_95' title='bbox 220 943 477 997; x_wconf 79' lang='lat' dir='ltr'>Pergamum</span> <span class='ocrx_word' id='word_1_96' title='bbox 496 950 648 996; x_wconf 83' lang='lat' dir='ltr'>petere.</span> <span class='ocrx_word' id='word_1_97' title='bbox 687 943 759 982; x_wconf 84' lang='lat' dir='ltr'>scd</span> <span class='ocrx_word' id='word_1_98' title='bbox 780 957 874 982; x_wconf 86' lang='lat' dir='ltr'>cum</span> <span class='ocrx_word' id='word_1_99' title='bbox 893 941 976 982; x_wconf 88' lang='lat' dir='ltr'>iam</span> <span class='ocrx_word' id='word_1_100' title='bbox 991 941 1414 996; x_wconf 75' lang='lat' dir='ltr'>adpropiiiquantium</span> <span class='ocrx_word' id='word_1_101' title='bbox 1434 941 1569 980; x_wconf 84' lang='lat' dir='ltr'>forma</span> 
     </span>
     <span class='ocr_line' id='line_1_14' title="bbox 220 1003 1569 1044; baseline -0.001 0"><span class='ocrx_word' id='word_1_102' title='bbox 220 1005 451 1044; x_wconf 87' lang='lat' dir='ltr'>lemborum</span> <span class='ocrx_word' id='word_1_103' title='bbox 489 1004 602 1044; x_wconf 89' lang='lat' dir='ltr'>haud</span> <span class='ocrx_word' id='word_1_104' title='bbox 634 1004 761 1043; x_wconf 85' lang='lat' dir='ltr'>dubia</span> <span class='ocrx_word' id='word_1_105' title='bbox 793 1011 901 1044; x_wconf 85' lang='lat' dir='ltr'>esset</span> <span class='ocrx_word' id='word_1_106' title='bbox 932 1012 972 1044; x_wconf 81' lang='lat' dir='ltr'>et</span> <span class='ocrx_word' id='word_1_107' title='bbox 1004 1004 1223 1044; x_wconf 75' lang='lat' dir='ltr'>concitatio</span> <span class='ocrx_word' id='word_1_108' title='bbox 1255 1017 1465 1044; x_wconf 89' lang='lat' dir='ltr'>remorum</span> <span class='ocrx_word' id='word_1_109' title='bbox 1497 1003 1569 1043; x_wconf 85' lang='lat' dir='ltr'>de-</span> 
     </span>
     <span class='ocr_line' id='line_1_15' title="bbox 220 1065 1567 1120; baseline -0.002 -14"><span class='ocrx_word' id='word_1_110' title='bbox 220 1077 440 1118; x_wconf 87' lang='lat' dir='ltr'>rectaeque</span> <span class='ocrx_word' id='word_1_111' title='bbox 465 1066 507 1105; x_wconf 88' lang='lat' dir='ltr'>in</span> <span class='ocrx_word' id='word_1_112' title='bbox 533 1080 576 1105; x_wconf 92' lang='lat' dir='ltr'>se</span> <span class='ocrx_word' id='word_1_113' title='bbox 602 1080 749 1119; x_wconf 86' lang='lat' dir='ltr'>prorae</span> <span class='ocrx_word' id='word_1_114' title='bbox 775 1065 904 1105; x_wconf 91' lang='lat' dir='ltr'>hostis</span> <span class='ocrx_word' id='word_1_115' title='bbox 931 1065 1267 1120; x_wconf 69' lang='lat' dir='ltr'>adpropinspiare</span> <span class='ocrx_word' id='word_1_116' title='bbox 1295 1065 1567 1119; x_wconf 82' lang='lat' dir='ltr'>aperuissent,</span> 
     </span>
     <span class='ocr_line' id='line_1_16' title="bbox 219 1127 1567 1182; baseline -0.001 -14"><span class='ocrx_word' id='word_1_117' title='bbox 219 1136 318 1168; x_wconf 89' lang='lat' dir='ltr'>tunc</span> <span class='ocrx_word' id='word_1_118' title='bbox 337 1128 488 1168; x_wconf 88' lang='lat' dir='ltr'>iniecta</span> <span class='ocrx_word' id='word_1_119' title='bbox 508 1128 725 1182; x_wconf 79' lang='lat' dir='ltr'>trepidatio</span> <span class='ocrx_word' id='word_1_120' title='bbox 740 1136 814 1168; x_wconf 86' lang='lat' dir='ltr'>est.</span> <span class='ocrx_word' id='word_1_121' title='bbox 852 1143 947 1168; x_wconf 89' lang='lat' dir='ltr'>eum</span> <span class='ocrx_word' id='word_1_122' title='bbox 967 1127 1185 1168; x_wconf 89' lang='lat' dir='ltr'>resistendi</span> <span class='ocrx_word' id='word_1_123' title='bbox 1206 1143 1300 1182; x_wconf 86' lang='lat' dir='ltr'>spes</span> <span class='ocrx_word' id='word_1_124' title='bbox 1320 1127 1433 1167; x_wconf 87' lang='lat' dir='ltr'>nulla</span> <span class='ocrx_word' id='word_1_125' title='bbox 1447 1135 1567 1173; x_wconf 87' lang='lat' dir='ltr'>esset,</span> 
     </span>
     <span class='ocr_line' id='line_1_17' title="bbox 218 1188 1570 1246; baseline -0.001 -17"><span class='ocrx_word' id='word_1_126' title='bbox 218 1190 474 1242; x_wconf 78' lang='lat' dir='ltr'>inhabilique</span> <span class='ocrx_word' id='word_1_127' title='bbox 498 1190 668 1246; x_wconf 77' lang='lat' dir='ltr'>navium</span> <span class='ocrx_word' id='word_1_128' title='bbox 693 1204 846 1244; x_wconf 81' lang='lat' dir='ltr'>genere</span> <span class='ocrx_word' id='word_1_129' title='bbox 872 1198 909 1230; x_wconf 90' lang='lat' dir='ltr'>et</span> <span class='ocrx_word' id='word_1_130' title='bbox 938 1188 1072 1230; x_wconf 81' lang='lat' dir='ltr'>Gallis</span> <span class='ocrx_word' id='word_1_131' title='bbox 1098 1190 1168 1229; x_wconf 72' lang='lat' dir='ltr'>vix</span> <span class='ocrx_word' id='word_1_132' title='bbox 1193 1189 1375 1243; x_wconf 86' lang='lat' dir='ltr'>quietem</span> <span class='ocrx_word' id='word_1_133' title='bbox 1400 1189 1570 1230; x_wconf 84' lang='lat' dir='ltr'>ferenti-</span> 
     </span>
    </p>
   </div>
   <div class='ocr_carea' id='block_1_3' title="bbox 220 1251 1624 1305">
    <p class='ocr_par' dir='ltr' id='par_1_3' title="bbox 220 1251 1624 1305">
     <span class='ocr_line' id='line_1_18' title="bbox 220 1251 1624 1305; baseline 0 -15"><span class='ocrx_word' id='word_1_134' title='bbox 220 1252 296 1292; x_wconf 89' lang='lat' dir='ltr'>bus</span> <span class='ocrx_word' id='word_1_135' title='bbox 320 1252 364 1291; x_wconf 88' lang='lat' dir='ltr'>in</span> <span class='ocrx_word' id='word_1_136' title='bbox 388 1252 511 1300; x_wconf 88' lang='lat' dir='ltr'>mari,</span> <span class='ocrx_word' id='word_1_137' title='bbox 549 1266 644 1305; x_wconf 89' lang='lat' dir='ltr'>pars</span> <span class='ocrx_word' id='word_1_138' title='bbox 672 1266 835 1300; x_wconf 88' lang='lat' dir='ltr'>eorum,</span> <span class='ocrx_word' id='word_1_139' title='bbox 872 1252 943 1304; x_wconf 88' lang='lat' dir='ltr'>qui</span> <span class='ocrx_word' id='word_1_140' title='bbox 967 1252 1182 1305; x_wconf 83' lang='lat' dir='ltr'>propiores</span> <span class='ocrx_word' id='word_1_141' title='bbox 1208 1252 1433 1292; x_wconf 89' lang='lat' dir='ltr'>continenti</span> <span class='ocrx_word' id='word_1_142' title='bbox 1458 1251 1568 1291; x_wconf 90' lang='lat' dir='ltr'>litori</span> <span class='ocrx_word' id='word_1_143' title='bbox 1618 1268 1624 1274; x_wconf 89' lang='lat'>·</span> 
     </span>
    </p>
   </div>
   <div class='ocr_carea' id='block_1_4' title="bbox 217 1312 1572 2664">
    <p class='ocr_par' dir='ltr' id='par_1_4' title="bbox 217 1312 1572 2664">
     <span class='ocr_line' id='line_1_19' title="bbox 219 1312 1568 1367; baseline -0.001 -14"><span class='ocrx_word' id='word_1_144' title='bbox 219 1321 348 1362; x_wconf 83' lang='lat' dir='ltr'>erant,</span> <span class='ocrx_word' id='word_1_145' title='bbox 372 1313 415 1353; x_wconf 90' lang='lat' dir='ltr'>in</span> <span class='ocrx_word' id='word_1_146' title='bbox 440 1313 716 1366; x_wconf 84' lang='lat' dir='ltr'>Erythraeam</span> <span class='ocrx_word' id='word_1_147' title='bbox 742 1325 930 1362; x_wconf 86' lang='lat' dir='ltr'>enarunt,</span> <span class='ocrx_word' id='word_1_148' title='bbox 958 1329 1053 1367; x_wconf 83' lang='lat' dir='ltr'>pars</span> <span class='ocrx_word' id='word_1_149' title='bbox 1079 1314 1181 1354; x_wconf 76' lang='lat' dir='ltr'>velis</span> <span class='ocrx_word' id='word_1_150' title='bbox 1207 1314 1313 1354; x_wconf 87' lang='lat' dir='ltr'>datis</span> <span class='ocrx_word' id='word_1_151' title='bbox 1340 1314 1392 1354; x_wconf 91' lang='lat' dir='ltr'>ad</span> <span class='ocrx_word' id='word_1_152' title='bbox 1413 1312 1568 1354; x_wconf 84' lang='lat' dir='ltr'>Chium</span> 
     </span>
     <span class='ocr_line' id='line_1_20' title="bbox 218 1375 1569 1429; baseline -0.001 -14"><span class='ocrx_word' id='word_1_153' title='bbox 218 1390 346 1415; x_wconf 82' lang='lat' dir='ltr'>naves</span> <span class='ocrx_word' id='word_1_154' title='bbox 372 1375 548 1421; x_wconf 86' lang='lat' dir='ltr'>eiecere,</span> <span class='ocrx_word' id='word_1_155' title='bbox 580 1375 816 1427; x_wconf 86' lang='lat' dir='ltr'>relictisque</span> <span class='ocrx_word' id='word_1_156' title='bbox 842 1375 958 1427; x_wconf 88' lang='lat' dir='ltr'>equis</span> <span class='ocrx_word' id='word_1_157' title='bbox 991 1375 1123 1415; x_wconf 82' lang='lat' dir='ltr'>effusa</span> <span class='ocrx_word' id='word_1_158' title='bbox 1154 1375 1258 1429; x_wconf 82' lang='lat' dir='ltr'>fuga</span> <span class='ocrx_word' id='word_1_159' title='bbox 1283 1376 1429 1415; x_wconf 87' lang='lat' dir='ltr'>urbem</span> <span class='ocrx_word' id='word_1_160' title='bbox 1454 1382 1569 1429; x_wconf 88' lang='lat' dir='ltr'>pete-</span> 
     </span>
     <span class='ocr_line' id='line_1_21' title="bbox 219 1436 1567 1490; baseline 0.001 -15"><span class='ocrx_word' id='word_1_161' title='bbox 219 1437 330 1477; x_wconf 86' lang='lat' dir='ltr'>bant.</span> <span class='ocrx_word' id='word_1_162' title='bbox 379 1436 452 1477; x_wconf 90' lang='lat' dir='ltr'>sed</span> <span class='ocrx_word' id='word_1_163' title='bbox 476 1436 647 1490; x_wconf 87' lang='lat' dir='ltr'>propius</span> <span class='ocrx_word' id='word_1_164' title='bbox 672 1437 820 1477; x_wconf 88' lang='lat' dir='ltr'>urbem</span> <span class='ocrx_word' id='word_1_165' title='bbox 851 1437 977 1477; x_wconf 89' lang='lat' dir='ltr'>lembi</span> <span class='ocrx_word' id='word_1_166' title='bbox 1005 1452 1260 1490; x_wconf 75' lang='lat' dir='ltr'>accessuque</span> <span class='ocrx_word' id='word_1_167' title='bbox 1288 1436 1567 1477; x_wconf 85' lang='lat' dir='ltr'>commodiore</span> 
     </span>
     <span class='ocr_line' id='line_1_22' title="bbox 218 1497 1570 1553; baseline -0.001 -15"><span class='ocrx_word' id='word_1_168' title='bbox 218 1512 313 1538; x_wconf 88' lang='lat' dir='ltr'>cum</span> <span class='ocrx_word' id='word_1_169' title='bbox 338 1498 627 1552; x_wconf 72' lang='lat' dir='ltr'>exposuissent</span> <span class='ocrx_word' id='word_1_170' title='bbox 649 1506 843 1547; x_wconf 86' lang='lat' dir='ltr'>armatos,</span> <span class='ocrx_word' id='word_1_171' title='bbox 868 1498 1019 1552; x_wconf 90' lang='lat' dir='ltr'>partim</span> <span class='ocrx_word' id='word_1_172' title='bbox 1044 1499 1087 1538; x_wconf 91' lang='lat' dir='ltr'>in</span> <span class='ocrx_word' id='word_1_173' title='bbox 1109 1499 1175 1539; x_wconf 84' lang='lat' dir='ltr'>via</span> <span class='ocrx_word' id='word_1_174' title='bbox 1199 1498 1408 1553; x_wconf 83' lang='lat' dir='ltr'>fugientes</span> <span class='ocrx_word' id='word_1_175' title='bbox 1425 1497 1570 1538; x_wconf 88' lang='lat' dir='ltr'>Gallos</span> 
     </span>
     <span class='ocr_line' id='line_1_23' title="bbox 217 1559 1568 1615; baseline -0.001 -15"><span class='ocrx_word' id='word_1_176' title='bbox 217 1560 356 1613; x_wconf 86' lang='lat' dir='ltr'>adepti</span> <span class='ocrx_word' id='word_1_177' title='bbox 370 1559 628 1600; x_wconf 60' lang='lat' dir='ltr'>RIacedones</span> <span class='ocrx_word' id='word_1_178' title='bbox 643 1560 895 1608; x_wconf 86' lang='lat' dir='ltr'>ceciderunt,</span> <span class='ocrx_word' id='word_1_179' title='bbox 909 1561 1061 1614; x_wconf 90' lang='lat' dir='ltr'>partim</span> <span class='ocrx_word' id='word_1_180' title='bbox 1077 1569 1172 1601; x_wconf 89' lang='lat' dir='ltr'>ante</span> <span class='ocrx_word' id='word_1_181' title='bbox 1186 1568 1350 1615; x_wconf 88' lang='lat' dir='ltr'>portam</span> <span class='ocrx_word' id='word_1_182' title='bbox 1364 1561 1568 1601; x_wconf 85' lang='lat' dir='ltr'>exclusos.</span> 
     </span>
     <span class='ocr_line' id='line_1_24' title="bbox 217 1620 1572 1677; baseline 0 -15"><span class='ocrx_word' id='word_1_183' title='bbox 217 1622 451 1662; x_wconf 80' lang='lat' dir='ltr'>clauserant</span> <span class='ocrx_word' id='word_1_184' title='bbox 476 1621 586 1662; x_wconf 89' lang='lat' dir='ltr'>enim</span> <span class='ocrx_word' id='word_1_185' title='bbox 614 1620 709 1662; x_wconf 86' lang='lat' dir='ltr'>Chii</span> <span class='ocrx_word' id='word_1_186' title='bbox 734 1631 896 1676; x_wconf 89' lang='lat' dir='ltr'>portas,</span> <span class='ocrx_word' id='word_1_187' title='bbox 922 1623 1057 1677; x_wconf 85' lang='lat' dir='ltr'>ignari</span> <span class='ocrx_word' id='word_1_188' title='bbox 1089 1622 1161 1676; x_wconf 90' lang='lat' dir='ltr'>qui</span> <span class='ocrx_word' id='word_1_189' title='bbox 1191 1623 1385 1677; x_wconf 87' lang='lat' dir='ltr'>fugerent</span> <span class='ocrx_word' id='word_1_190' title='bbox 1412 1630 1481 1662; x_wconf 90' lang='lat' dir='ltr'>aut</span> <span class='ocrx_word' id='word_1_191' title='bbox 1508 1637 1572 1662; x_wconf 90' lang='lat' dir='ltr'>se-</span> 
     </span>
     <span class='ocr_line' id='line_1_25' title="bbox 218 1683 1570 1737; baseline 0.001 -15"><span class='ocrx_word' id='word_1_192' title='bbox 218 1693 455 1736; x_wconf 84' lang='lat' dir='ltr'>querentur.</span> <span class='ocrx_word' id='word_1_193' title='bbox 494 1684 721 1737; x_wconf 85' lang='lat' dir='ltr'>octingenti</span> <span class='ocrx_word' id='word_1_194' title='bbox 742 1685 873 1726; x_wconf 77' lang='lat' dir='ltr'>fcrme</span> <span class='ocrx_word' id='word_1_195' title='bbox 889 1684 1109 1725; x_wconf 84' lang='lat' dir='ltr'>Gallorum</span> <span class='ocrx_word' id='word_1_196' title='bbox 1130 1684 1272 1733; x_wconf 87' lang='lat' dir='ltr'>occisi,</span> <span class='ocrx_word' id='word_1_197' title='bbox 1299 1684 1467 1725; x_wconf 88' lang='lat' dir='ltr'>ducenti</span> <span class='ocrx_word' id='word_1_198' title='bbox 1486 1683 1570 1724; x_wconf 74' lang='lat' dir='ltr'>vivi</span> 
     </span>
     <span class='ocr_line' id='line_1_26' title="bbox 218 1745 1569 1800; baseline -0.001 -14"><span class='ocrx_word' id='word_1_199' title='bbox 218 1745 346 1799; x_wconf 86' lang='lat' dir='ltr'>capti3</span> <span class='ocrx_word' id='word_1_200' title='bbox 373 1745 470 1798; x_wconf 90' lang='lat' dir='ltr'>equi</span> <span class='ocrx_word' id='word_1_201' title='bbox 494 1760 589 1799; x_wconf 89' lang='lat' dir='ltr'>pars</span> <span class='ocrx_word' id='word_1_202' title='bbox 614 1746 655 1786; x_wconf 91' lang='lat' dir='ltr'>in</span> <span class='ocrx_word' id='word_1_203' title='bbox 677 1746 782 1786; x_wconf 88' lang='lat' dir='ltr'>mari</span> <span class='ocrx_word' id='word_1_204' title='bbox 807 1746 948 1787; x_wconf 84' lang='lat' dir='ltr'>fractis</span> <span class='ocrx_word' id='word_1_205' title='bbox 968 1747 1146 1787; x_wconf 77' lang='lat' dir='ltr'>navibus</span> <span class='ocrx_word' id='word_1_206' title='bbox 1167 1746 1391 1800; x_wconf 75' lang='lat' dir='ltr'>absumpti,</span> <span class='ocrx_word' id='word_1_207' title='bbox 1418 1745 1569 1800; x_wconf 89' lang='lat' dir='ltr'>partim</span> 
     </span>
     <span class='ocr_line' id='line_1_27' title="bbox 218 1807 1568 1862; baseline 0.001 -15"><span class='ocrx_word' id='word_1_208' title='bbox 218 1821 366 1848; x_wconf 83' lang='lat' dir='ltr'>nervos</span> <span class='ocrx_word' id='word_1_209' title='bbox 393 1808 657 1848; x_wconf 86' lang='lat' dir='ltr'>succiderunt</span> <span class='ocrx_word' id='word_1_210' title='bbox 684 1808 725 1848; x_wconf 89' lang='lat' dir='ltr'>in</span> <span class='ocrx_word' id='word_1_211' title='bbox 752 1809 870 1849; x_wconf 89' lang='lat' dir='ltr'>litore</span> <span class='ocrx_word' id='word_1_212' title='bbox 896 1808 1168 1849; x_wconf 84' lang='lat' dir='ltr'>Macedones.</span> <span class='ocrx_word' id='word_1_213' title='bbox 1216 1808 1366 1862; x_wconf 70' lang='lat' dir='ltr'>viginti</span> <span class='ocrx_word' id='word_1_214' title='bbox 1392 1807 1568 1848; x_wconf 80' lang='lat' dir='ltr'>eximiae</span> 
     </span>
     <span class='ocr_line' id='line_1_28' title="bbox 220 1868 1568 1923; baseline 0.001 -16"><span class='ocrx_word' id='word_1_215' title='bbox 220 1883 348 1921; x_wconf 90' lang='lat' dir='ltr'>equos</span> <span class='ocrx_word' id='word_1_216' title='bbox 373 1868 532 1909; x_wconf 87' lang='lat' dir='ltr'>formae</span> <span class='ocrx_word' id='word_1_217' title='bbox 563 1883 659 1909; x_wconf 91' lang='lat' dir='ltr'>cum</span> <span class='ocrx_word' id='word_1_218' title='bbox 684 1870 858 1923; x_wconf 84' lang='lat' dir='ltr'>captivis</span> <span class='ocrx_word' id='word_1_219' title='bbox 885 1870 1053 1911; x_wconf 90' lang='lat' dir='ltr'>eosdem</span> <span class='ocrx_word' id='word_1_220' title='bbox 1079 1870 1223 1911; x_wconf 89' lang='lat' dir='ltr'>decem</span> <span class='ocrx_word' id='word_1_221' title='bbox 1247 1870 1426 1917; x_wconf 86' lang='lat' dir='ltr'>lembos,</span> <span class='ocrx_word' id='word_1_222' title='bbox 1464 1883 1568 1922; x_wconf 87' lang='lat' dir='ltr'>quos</span> 
     </span>
     <span class='ocr_line' id='line_1_29' title="bbox 221 1931 1570 1979; baseline 0 -9"><span class='ocrx_word' id='word_1_223' title='bbox 221 1938 315 1971; x_wconf 80' lang='lat' dir='ltr'>ante</span> <span class='ocrx_word' id='word_1_224' title='bbox 340 1931 527 1979; x_wconf 83' lang='lat' dir='ltr'>miserat,</span> <span class='ocrx_word' id='word_1_225' title='bbox 553 1931 744 1972; x_wconf 85' lang='lat' dir='ltr'>Antenor</span> <span class='ocrx_word' id='word_1_226' title='bbox 769 1933 975 1973; x_wconf 84' lang='lat' dir='ltr'>devehere</span> <span class='ocrx_word' id='word_1_227' title='bbox 999 1933 1342 1973; x_wconf 79' lang='lat' dir='ltr'>Thessalonicam</span> <span class='ocrx_word' id='word_1_228' title='bbox 1368 1932 1504 1978; x_wconf 89' lang='lat' dir='ltr'>iussit,</span> <span class='ocrx_word' id='word_1_229' title='bbox 1531 1940 1570 1971; x_wconf 85' lang='lat' dir='ltr'>et</span> 
     </span>
     <span class='ocr_line' id='line_1_30' title="bbox 221 1992 1570 2046; baseline 0.001 -15"><span class='ocrx_word' id='word_1_230' title='bbox 221 1992 354 2046; x_wconf 89' lang='lat' dir='ltr'>primo</span> <span class='ocrx_word' id='word_1_231' title='bbox 381 2006 546 2044; x_wconf 89' lang='lat' dir='ltr'>quoquc</span> <span class='ocrx_word' id='word_1_232' title='bbox 571 2000 756 2046; x_wconf 86' lang='lat' dir='ltr'>tempore</span> <span class='ocrx_word' id='word_1_233' title='bbox 782 1994 835 2033; x_wconf 90' lang='lat' dir='ltr'>ad</span> <span class='ocrx_word' id='word_1_234' title='bbox 855 1995 1030 2035; x_wconf 81' lang='lat' dir='ltr'>classem</span> <span class='ocrx_word' id='word_1_235' title='bbox 1051 1994 1220 2034; x_wconf 80' lang='lat' dir='ltr'>reverti:</span> <span class='ocrx_word' id='word_1_236' title='bbox 1246 1993 1405 2033; x_wconf 86' lang='lat' dir='ltr'>Phanis</span> <span class='ocrx_word' id='word_1_237' title='bbox 1431 2007 1474 2032; x_wconf 85' lang='lat' dir='ltr'>se</span> <span class='ocrx_word' id='word_1_238' title='bbox 1500 2006 1570 2032; x_wconf 90' lang='lat' dir='ltr'>eos</span> 
     </span>
     <span class='ocr_line' id='line_1_31' title="bbox 223 2052 1568 2108; baseline 0.001 -15"><span class='ocrx_word' id='word_1_239' title='bbox 223 2063 572 2108; x_wconf 79' lang='lat' dir='ltr'>exspectaturum.</span> <span class='ocrx_word' id='word_1_240' title='bbox 616 2055 801 2094; x_wconf 87' lang='lat' dir='ltr'>triduum</span> <span class='ocrx_word' id='word_1_241' title='bbox 826 2055 956 2096; x_wconf 88' lang='lat' dir='ltr'>ferme</span> <span class='ocrx_word' id='word_1_242' title='bbox 983 2056 1124 2096; x_wconf 83' lang='lat' dir='ltr'>classis</span> <span class='ocrx_word' id='word_1_243' title='bbox 1151 2056 1204 2095; x_wconf 86' lang='lat' dir='ltr'>ad</span> <span class='ocrx_word' id='word_1_244' title='bbox 1228 2055 1375 2095; x_wconf 88' lang='lat' dir='ltr'>urbem</span> <span class='ocrx_word' id='word_1_245' title='bbox 1402 2052 1568 2108; x_wconf 68' lang='lat' dir='ltr'>[stetit]</span> 
     </span>
     <span class='ocr_line' id='line_1_32' title="bbox 222 2116 1570 2170; baseline 0 -15"><span class='ocrx_word' id='word_1_246' title='bbox 222 2116 392 2156; x_wconf 86' lang='lat' dir='ltr'>Phanas</span> <span class='ocrx_word' id='word_1_247' title='bbox 418 2116 513 2156; x_wconf 87' lang='lat' dir='ltr'>inde</span> <span class='ocrx_word' id='word_1_248' title='bbox 539 2117 749 2170; x_wconf 84' lang='lat' dir='ltr'>progressi</span> <span class='ocrx_word' id='word_1_249' title='bbox 775 2126 882 2166; x_wconf 85' lang='lat' dir='ltr'>sunt,</span> <span class='ocrx_word' id='word_1_250' title='bbox 909 2124 949 2157; x_wconf 87' lang='lat' dir='ltr'>et.</span> <span class='ocrx_word' id='word_1_251' title='bbox 975 2131 1046 2170; x_wconf 87' lang='lat' dir='ltr'>spe</span> <span class='ocrx_word' id='word_1_252' title='bbox 1074 2117 1247 2157; x_wconf 80' lang='lat' dir='ltr'>celerius</span> <span class='ocrx_word' id='word_1_253' title='bbox 1273 2116 1472 2170; x_wconf 86' lang='lat' dir='ltr'>regressis</span> <span class='ocrx_word' id='word_1_254' title='bbox 1499 2116 1570 2156; x_wconf 90' lang='lat' dir='ltr'>de-</span> 
     </span>
     <span class='ocr_line' id='line_1_33' title="bbox 224 2178 1444 2232; baseline 0 -15"><span class='ocrx_word' id='word_1_255' title='bbox 224 2193 314 2218; x_wconf 92' lang='lat' dir='ltr'>cem</span> <span class='ocrx_word' id='word_1_256' title='bbox 338 2178 485 2218; x_wconf 85' lang='lat' dir='ltr'>lembis</span> <span class='ocrx_word' id='word_1_257' title='bbox 512 2179 645 2219; x_wconf 79' lang='lat' dir='ltr'>evecti</span> <span class='ocrx_word' id='word_1_258' title='bbox 668 2179 843 2232; x_wconf 80' lang='lat' dir='ltr'>Aegaeo</span> <span class='ocrx_word' id='word_1_259' title='bbox 869 2178 973 2218; x_wconf 89' lang='lat' dir='ltr'>mari</span> <span class='ocrx_word' id='word_1_260' title='bbox 998 2178 1155 2218; x_wconf 88' lang='lat' dir='ltr'>Delum</span> <span class='ocrx_word' id='word_1_261' title='bbox 1182 2178 1444 2218; x_wconf 82' lang='lat' dir='ltr'>traiecerunt.</span> 
     </span>
     <span class='ocr_line' id='line_1_34' title="bbox 307 2238 1569 2294; baseline 0 -15"><span class='ocrx_word' id='word_1_262' title='bbox 307 2239 552 2281; x_wconf 80' lang='lat' dir='ltr'>XXVIIII.</span> <span class='ocrx_word' id='word_1_263' title='bbox 596 2240 714 2280; x_wconf 90' lang='lat' dir='ltr'>Dum</span> <span class='ocrx_word' id='word_1_264' title='bbox 749 2241 852 2281; x_wconf 88' lang='lat' dir='ltr'>haec</span> <span class='ocrx_word' id='word_1_265' title='bbox 887 2249 1109 2294; x_wconf 88' lang='lat' dir='ltr'>geruntur,</span> <span class='ocrx_word' id='word_1_266' title='bbox 1146 2239 1272 2293; x_wconf 84' lang='lat' dir='ltr'>legati</span> <span class='ocrx_word' id='word_1_267' title='bbox 1308 2239 1488 2280; x_wconf 83' lang='lat' dir='ltr'>Romani</span> <span class='ocrx_word' id='word_1_268' title='bbox 1520 2238 1569 2279; x_wconf 89' lang='lat' dir='ltr'>C.</span> 
     </span>
     <span class='ocr_line' id='line_1_35' title="bbox 224 2299 1571 2354; baseline 0 -14"><span class='ocrx_word' id='word_1_269' title='bbox 224 2301 428 2354; x_wconf 84' lang='lat' dir='ltr'>Popillius</span> <span class='ocrx_word' id='word_1_270' title='bbox 453 2308 494 2341; x_wconf 87' lang='lat' dir='ltr'>et</span> <span class='ocrx_word' id='word_1_271' title='bbox 520 2300 803 2342; x_wconf 86' lang='lat' dir='ltr'>C.Decimius</span> <span class='ocrx_word' id='word_1_272' title='bbox 829 2309 867 2342; x_wconf 87' lang='lat' dir='ltr'>ct</span> <span class='ocrx_word' id='word_1_273' title='bbox 895 2300 944 2341; x_wconf 87' lang='lat' dir='ltr'>C.</span> <span class='ocrx_word' id='word_1_274' title='bbox 966 2301 1172 2341; x_wconf 84' lang='lat' dir='ltr'>Hostilius</span> <span class='ocrx_word' id='word_1_275' title='bbox 1199 2316 1223 2341; x_wconf 87' lang='lat' dir='ltr'>a</span> <span class='ocrx_word' id='word_1_276' title='bbox 1249 2299 1450 2341; x_wconf 87' lang='lat' dir='ltr'>Chalcide</span> <span class='ocrx_word' id='word_1_277' title='bbox 1475 2315 1571 2354; x_wconf 85' lang='lat' dir='ltr'>pro-</span> 
     </span>
     <span class='ocr_line' id='line_1_36' title="bbox 225 2363 1570 2417; baseline -0.002 -13"><span class='ocrx_word' id='word_1_278' title='bbox 225 2364 323 2404; x_wconf 80' lang='lat' dir='ltr'>fecti</span> <span class='ocrx_word' id='word_1_279' title='bbox 343 2364 473 2403; x_wconf 82' lang='lat' dir='ltr'>tribus</span> <span class='ocrx_word' id='word_1_280' title='bbox 494 2364 862 2417; x_wconf 84' lang='lat' dir='ltr'>quinqueremibus</span> <span class='ocrx_word' id='word_1_281' title='bbox 876 2364 1035 2404; x_wconf 91' lang='lat' dir='ltr'>Delum</span> <span class='ocrx_word' id='word_1_282' title='bbox 1054 2378 1149 2404; x_wconf 91' lang='lat' dir='ltr'>cum</span> <span class='ocrx_word' id='word_1_283' title='bbox 1168 2363 1390 2410; x_wconf 88' lang='lat' dir='ltr'>venissent,</span> <span class='ocrx_word' id='word_1_284' title='bbox 1412 2363 1570 2403; x_wconf 87' lang='lat' dir='ltr'>lembos</span> 
     </span>
     <span class='ocr_line' id='line_1_37' title="bbox 225 2423 1570 2480; baseline -0.001 -16"><span class='ocrx_word' id='word_1_285' title='bbox 225 2426 283 2465; x_wconf 89' lang='lat' dir='ltr'>ibi</span> <span class='ocrx_word' id='word_1_286' title='bbox 313 2425 597 2465; x_wconf 82' lang='lat' dir='ltr'>Macedonum</span> <span class='ocrx_word' id='word_1_287' title='bbox 633 2425 910 2480; x_wconf 84' lang='lat' dir='ltr'>quadraginta</span> <span class='ocrx_word' id='word_1_288' title='bbox 941 2432 981 2466; x_wconf 73' lang='lat' dir='ltr'>et,</span> <span class='ocrx_word' id='word_1_289' title='bbox 1013 2425 1196 2478; x_wconf 89' lang='lat' dir='ltr'>quinque</span> <span class='ocrx_word' id='word_1_290' title='bbox 1226 2424 1336 2478; x_wconf 90' lang='lat' dir='ltr'>regis</span> <span class='ocrx_word' id='word_1_291' title='bbox 1368 2423 1570 2464; x_wconf 87' lang='lat' dir='ltr'>Eumenis</span> 
     </span>
     <span class='ocr_line' id='line_1_38' title="bbox 226 2486 1570 2540; baseline 0 -14"><span class='ocrx_word' id='word_1_292' title='bbox 226 2487 535 2540; x_wconf 82' lang='lat' dir='ltr'>quinqueremis</span> <span class='ocrx_word' id='word_1_293' title='bbox 578 2487 836 2527; x_wconf 78' lang='lat' dir='ltr'>invenerunt.</span> <span class='ocrx_word' id='word_1_294' title='bbox 909 2487 1104 2527; x_wconf 89' lang='lat' dir='ltr'>sanctitas</span> <span class='ocrx_word' id='word_1_295' title='bbox 1147 2486 1290 2540; x_wconf 89' lang='lat' dir='ltr'>templi</span> <span class='ocrx_word' id='word_1_296' title='bbox 1325 2486 1570 2538; x_wconf 87' lang='lat' dir='ltr'>insulaeque</span> 
     </span>
     <span class='ocr_line' id='line_1_39' title="bbox 225 2547 1570 2603; baseline -0.001 -15"><span class='ocrx_word' id='word_1_297' title='bbox 225 2549 442 2589; x_wconf 78' lang='lat' dir='ltr'>inviolatos</span> <span class='ocrx_word' id='word_1_298' title='bbox 468 2549 705 2602; x_wconf 57' lang='lat' dir='ltr'>praestabat,</span> <span class='ocrx_word' id='word_1_299' title='bbox 729 2563 884 2589; x_wconf 84' lang='lat' dir='ltr'>omnes.</span> <span class='ocrx_word' id='word_1_300' title='bbox 921 2549 1062 2601; x_wconf 85' lang='lat' dir='ltr'>itaque</span> <span class='ocrx_word' id='word_1_301' title='bbox 1086 2548 1280 2603; x_wconf 83' lang='lat' dir='ltr'>permixti</span> <span class='ocrx_word' id='word_1_302' title='bbox 1306 2547 1570 2599; x_wconf 83' lang='lat' dir='ltr'>Romanique</span> 
     </span>
     <span class='ocr_line' id='line_1_40' title="bbox 227 2609 1572 2664; baseline -0.002 -12"><span class='ocrx_word' id='word_1_303' title='bbox 227 2619 267 2652; x_wconf 83' lang='lat' dir='ltr'>et</span> <span class='ocrx_word' id='word_1_304' title='bbox 291 2611 546 2652; x_wconf 86' lang='lat' dir='ltr'>Macedones</span> <span class='ocrx_word' id='word_1_305' title='bbox 578 2619 616 2652; x_wconf 88' lang='lat' dir='ltr'>et</span> <span class='ocrx_word' id='word_1_306' title='bbox 642 2611 843 2652; x_wconf 86' lang='lat' dir='ltr'>Eumenis</span> <span class='ocrx_word' id='word_1_307' title='bbox 868 2612 1038 2652; x_wconf 82' lang='lat' dir='ltr'>navales</span> <span class='ocrx_word' id='word_1_308' title='bbox 1064 2610 1165 2651; x_wconf 87' lang='lat' dir='ltr'>socii</span> <span class='ocrx_word' id='word_1_309' title='bbox 1189 2610 1232 2651; x_wconf 89' lang='lat' dir='ltr'>in</span> <span class='ocrx_word' id='word_1_310' title='bbox 1257 2611 1425 2664; x_wconf 84' lang='lat' dir='ltr'>templo,</span> <span class='ocrx_word' id='word_1_311' title='bbox 1451 2609 1572 2650; x_wconf 89' lang='lat' dir='ltr'>indu-</span> 
     </span>
    </p>
   </div>
   <div class='ocr_carea' id='block_1_5' title="bbox 1596 276 1610 303">
    <p class='ocr_par' dir='ltr' id='par_1_5' title="bbox 1596 276 1610 303">
     <span class='ocr_line' id='line_1_41' title="bbox 1596 276 1610 303; textangle 90"><span class='ocrx_word' id='word_1_312' title='bbox 1596 276 1610 303; x_wconf 59' lang='grc' dir='ltr'>*Ι</span> 
     </span>
    </p>
   </div>
   <div class='ocr_carea' id='block_1_6' title="bbox 1597 953 1636 982">
    <p class='ocr_par' dir='ltr' id='par_1_6' title="bbox 1597 953 1636 982">
     <span class='ocr_line' id='line_1_42' title="bbox 1597 953 1636 982; baseline 0.026 -1"><span class='ocrx_word' id='word_1_313' title='bbox 1597 953 1636 982; x_wconf 78' lang='lat'>10</span> 
     </span>
    </p>
   </div>
   <div class='ocr_carea' id='block_1_7' title="bbox 1598 1138 1631 1167">
    <p class='ocr_par' dir='ltr' id='par_1_7' title="bbox 1598 1138 1631 1167">
     <span class='ocr_line' id='line_1_43' title="bbox 1598 1138 1631 1167; baseline 0 0"><span class='ocrx_word' id='word_1_314' title='bbox 1598 1138 1631 1167; x_wconf 84' lang='lat'>11</span> 
     </span>
    </p>
   </div>
   <div class='ocr_carea' id='block_1_8' title="bbox 1599 1447 1635 1475">
    <p class='ocr_par' dir='ltr' id='par_1_8' title="bbox 1599 1447 1635 1475">
     <span class='ocr_line' id='line_1_44' title="bbox 1599 1447 1635 1475; baseline 0 0"><span class='ocrx_word' id='word_1_315' title='bbox 1599 1447 1635 1475; x_wconf 80' lang='lat'>13</span> 
     </span>
    </p>
   </div>
   <div class='ocr_carea' id='block_1_9' title="bbox 1597 1695 1636 1723">
    <p class='ocr_par' dir='ltr' id='par_1_9' title="bbox 1597 1695 1636 1723">
     <span class='ocr_line' id='line_1_45' title="bbox 1597 1695 1636 1723; baseline 0.026 -1"><span class='ocrx_word' id='word_1_316' title='bbox 1597 1695 1636 1723; x_wconf 70' lang='lat'>14</span> 
     </span>
    </p>
   </div>
   <div class='ocr_carea' id='block_1_10' title="bbox 1597 1819 1634 1846">
    <p class='ocr_par' dir='ltr' id='par_1_10' title="bbox 1597 1819 1634 1846">
     <span class='ocr_line' id='line_1_46' title="bbox 1597 1819 1634 1846; baseline 0 -1"><span class='ocrx_word' id='word_1_317' title='bbox 1597 1819 1634 1846; x_wconf 72' lang='lat'>1.)</span> 
     </span>
    </p>
   </div>
   <div class='ocr_carea' id='block_1_11' title="bbox 1598 2003 1636 2032">
    <p class='ocr_par' dir='ltr' id='par_1_11' title="bbox 1598 2003 1636 2032">
     <span class='ocr_line' id='line_1_47' title="bbox 1598 2003 1636 2032; baseline 0.026 -1"><span class='ocrx_word' id='word_1_318' title='bbox 1598 2003 1636 2032; x_wconf 83' lang='lat'>16</span> 
     </span>
    </p>
   </div>
   <div class='ocr_carea' id='block_1_12' title="bbox 1596 2499 1614 2527">
    <p class='ocr_par' dir='ltr' id='par_1_12' title="bbox 1596 2499 1614 2527">
     <span class='ocr_line' id='line_1_48' title="bbox 1596 2499 1614 2527; textangle 90"><span class='ocrx_word' id='word_1_319' title='bbox 1596 2499 1614 2527; x_wconf 65' lang='grc' dir='ltr'><strong>ῑὺ</strong></span> 
     </span>
    </p>
   </div>
  </div>
 </body>
</html>
