1804 2926
200 106 284 146 384

202 205 376 250 Polybius
414 205 699 249 haudquaquam
736 217 907 250 spernen-

221 251 288 283 dus
308 254 434 283 auctor
454 250 510 292 30,
524 250 580 293 44,
595 252 617 284 5
653 262 725 284 11011
750 252 908 286 incertus

220 294 416 339 praecipue
431 306 551 328 rerum
566 296 600 328 in
616 295 774 329 Graecia
788 301 907 340 gesta-

219 351 296 372 rum
313 344 439 373 auctor
452 341 506 382 313,
523 340 646 383 1(),1();
660 341 715 373 34.
730 342 784 385 50,
795 340 839 386 ἶ6,
853 344 907 385 36,

222 387 274 426 10,
294 386 350 426 113
371 385 425 427 39,
441 385 503 427 523
529 385 584 427 45,
600 385 656 427 44,
673 386 726 419 19.

196 430 403 474 Polyclitus
429 430 475 463 ab
500 430 668 474 Epicyde
700 431 908 474 praefectus

221 475 353 508 Siculis
369 474 586 509 interficitur
599 475 653 518 25,
669 476 725 518 28,
740 477 772 509 5.

198 521 410 565 Polycratia
434 532 523 553 uxor
540 521 647 554 Arati
668 521 703 553 in
724 532 825 565 spem
844 533 907 556 nu-

219 567 378 610 ptiarum
393 578 414 600 a
422 566 595 610 Philippo
606 566 642 599 in
652 565 907 601 Macedoniam

221 615 409 655 asportata
421 612 476 654 27,
492 612 547 649 31,
563 611 594 644 8.

196 655 451 701 Polyphantas
484 667 506 689 a
530 656 704 701 Philippo
730 656 765 690 in
791 656 908 691 Boeo-

220 702 308 734 tiam
323 701 478 734 mittitur
490 702 545 743 28,
561 702 593 743 5,
610 703 663 735 11.

196 746 444 791 Polyxenidas
469 747 645 780 Antiochi
671 746 780 780 classi
805 758 907 791 prae-

219 797 275 825 est
293 792 348 835 35,
364 793 418 834 50,
436 792 455 825 7
492 791 528 824 in
553 791 682 825 Asiam
707 792 837 825 missus
863 792 908 826 ad

219 837 343 881 copias
366 837 635 881 comparandas
655 837 745 880 36‚8
782 837 909 871 classis

218 882 428 926 praefectus
460 893 541 916 cum
567 882 672 917 Livio
707 882 907 927 confligen—

219 927 304 960 dum
318 931 442 962 censet
455 928 510 970 36,
524 927 579 970 43,
594 928 617 961 4
640 927 779 972 proelio
793 928 909 961 victus

218 973 273 1015 36,
288 972 334 1006 44
347 984 399 1017 sq.
427 973 509 1007 exul
524 976 604 1007 erat
615 972 781 1006 Rhodius
795 973 850 1016 37,
867 974 910 1007 10

218 1017 488 1051 Pausistratum
502 1018 697 1062 deceptum
711 1018 908 1053 circumve-

217 1063 272 1096 nit
291 1063 346 1106 37,
369 1064 421 1106 11,
445 1065 486 1097 11
524 1063 730 1097 Romanam
754 1064 908 1098 classem

218 1108 452 1142 circumsistit
470 1109 525 1151 37.
546 1109 602 1151 28,
624 1109 644 1142 6
669 1109 786 1142 victus
804 1120 908 1153 proe-

218 1154 266 1187 lio
281 1154 335 1196 37,
351 1154 396 1187 30
409 1154 451 1188 P.
479 1154 623 1198 Syriam
635 1155 729 1198 petit
741 1155 796 1197 37,
811 1155 866 1197 45,
876 1154 907 1186 2.

197 1199 405 1233 Pomerium
426 1200 456 1242 1,
471 1200 526 1242 26,
543 1200 563 1233 6
599 1200 697 1234 uude
717 1200 856 1234 dictum
876 1201 907 1243 1,

217 1245 272 1287 44,
287 1244 309 1277 4
333 1244 517 1289 prolatum
530 1244 578 1278 ib.
593 1245 625 1278 3.

199 1290 366 1324 Pometia
384 1290 529 1324 colonia
547 1290 684 1324 Latina
703 1290 751 1324 ad
764 1290 908 1323 Aurun-

220 1346 279 1368 cos
301 1333 425 1369 deficit
443 1336 475 1377 2,
499 1336 552 1378 16,
567 1336 588 1369 S
625 1339 863 1381 oppugnatur
875 1335 907 1378 2,

221 1381 261 1414 17
289 1380 435 1414 deditur
448 1379 495 1414 ib.
512 1381 532 1414 5
547 1380 592 1414 cf.
608 1380 640 1423 2,
656 1381 710 1422 22,
727 1382 759 1413 2.

201 1425 444 1469 Pompaedius
465 1425 540 1459 Silo
556 1425 760 1459 Marsorum
781 1425 853 1459 dux
872 1425 908 1458 in

221 1471 299 1504 acie
314 1470 413 1503 cadit
426 1470 467 1503 P.
484 1471 537 1503 76.

200 1515 350 1559 Pompei
364 1516 538 1559 oppidum
553 1516 585 1557 9,
600 1516 655 1555 38,
671 1516 704 1549 2.

201 1561 349 1603 Pompei
364 1560 465 1594 curia
478 1560 519 1593 P.
537 1561 619 1603 1163
634 1560 675 1593 F.
689 1560 733 1593 46
747 1571 782 1593 11.

198 1606 262 1639 Cn.
278 1605 476 1649 Pompeius
491 1606 662 1639 Picentes
683 1605 795 1638 vincit
809 1605 850 1638 P.
866 1605 909 1638 74

221 1662 291 1684 cos,
306 1650 446 1684 Marsos
459 1651 570 1684 vincit
583 1650 670 1684 ibid.
684 1650 857 1684 Vestinos
872 1651 908 1684 in

221 1696 443 1730 deditionem
469 1696 603 1739 accipit
622 1696 663 1738 P.
687 1696 730 1729 75
766 1706 906 1739 procos.

220 1741 420 1786 Paelignos
446 1742 586 1785 recipit,
612 1740 791 1774 Asculum
810 1741 908 1784 capit

220 1787 262 1819 P.
279 1786 321 1820 76
353 1786 396 1826 Q.
411 1786 627 1830 Pompeium
646 1786 833 1819 consulem
855 1786 907 1819 in-

220 1830 475 1865 terficiendum
502 1835 606 1865 curat
630 1831 672 1864 P.
694 1831 736 1864 77
772 1835 906 1864 utram-

221 1888 289 1920 que
305 1880 447 1920 partein
461 1876 561 1910 fovet
575 1875 671 1910 bello
687 1875 783 1909 civili
799 1876 840 1909 P.
852 1876 905 1909 79.

197 1922 262 1955 Cn.
278 1921 476 1965 Pompeius
490 1921 649 1966 Magnus
664 1921 725 1965 (cf.
740 1922 795 1964 30,
805 1921 860 1963 44,
872 1922 906 1965 6)

220 1966 284 2001 Cn.
294 1967 447 2010 Pompei
462 1966 559 2000 filius
568 1978 649 2000 cum
662 1966 778 1999 tribus
792 1966 906 2011 legio-

219 2012 326 2045 nibus
341 2012 387 2045 ad
403 2011 543 2057 Syllam
556 2012 656 2045 venit
670 2011 711 2045 P.
726 2011 770 2045 85
800 2011 837 2044 111
853 2011 906 2045 Si-

220 2057 342 2091 ciliam
369 2057 499 2090 missus
524 2056 729 2091 Carbonem
760 2060 906 2100 captum

220 2102 356 2136 occidit
368 2102 409 2135 P.
425 2103 469 2135 89
495 2102 532 2135 in
551 2102 681 2136 Africa
700 2102 765 2136 Cn.
781 2101 906 2135 Domi—

220 2148 309 2181 tium
325 2152 360 2181 ct
368 2147 547 2182 Hiarbam
560 2147 674 2181 vincit
686 2150 722 2181 et
736 2150 908 2191 quattuor

219 2193 349 2238 viginti
360 2204 473 2227 annos
482 2196 589 2226 natus
603 2193 805 2236 triumphat
818 2192 905 2225 ibid.

220 2237 268 2271 M.
289 2238 443 2272 Brutum
463 2238 599 2272 occidit
616 2238 658 2271 P.
673 2238 717 2271 90
742 2248 824 2271 cum
843 2237 906 2270 im-

220 2283 321 2327 perio
334 2283 585 2327 proconsulari
600 2283 773 2317 adversus
786 2282 907 2317 Serto-

220 2329 313 2361 rium
337 2329 468 2362 missus
493 2328 534 2362 P.
560 2329 603 2362 91
629 2327 675 2362 cf.
702 2327 745 2361 F.
773 2328 907 2361 lsi—*20

221 2373 331 2407 dubio
347 2378 479 2408 eventu
492 2385 575 2408 cum
589 2385 631 2408 eo
652 2377 794 2418 pugnat
807 2373 849 2406 P.
865 2374 908 2406 92

220 2430 349 2462 parum
379 2430 552 2463 prospere
584 2419 672 2453 ibid.
710 2422 859 2452 coactus
888 2430 908 2452 a

223 2464 382 2498 Sertorio
413 2464 450 2497 in
477 2464 639 2498 Galliam
668 2464 839 2498 recedere
864 2464 906 2497 P.

221 2509 264 2541 93
306 2520 480 2553 prospere
510 2509 647 2543 bellum
705 2509 774 2543 crit
797 2509 839 2542 P.
866 2509 909 2542 94

223 2554 383 2587 Sertorio
404 2554 596 2588 interfecto
618 2554 666 2587 M.
701 2555 907 2598 'erpernam

222 2598 334 2632 vincit
358 2602 395 2633 ct
419 2599 620 2643 Hispanias
643 2599 774 2644 recipit
797 2599 839 2633 P.
865 2600 908 2633 96

779 122 901 148 INDEX
925 121 1070 148 RERVM.

957 218 1030 239 cos.
1047 210 1131 240 ante
1147 208 1381 250 quaesturam
1394 205 1514 241 factus
1533 207 1647 242 tribu-

957 252 1090 285 niciam
1116 255 1337 295 potestatem
1362 252 1521 285 restituit
1539 252 1582 286 P.
1604 253 1646 286 97

958 297 1041 340 lege
1061 296 1135 330 lata
1156 297 1294 340 piratas
1314 297 1484 341 persequi
1503 297 1649 331 iubetur

958 340 1057 375 1¹.ss)
1094 353 1155 375 eos
1175 341 1265 375 mari
1285 342 1435 385 expellit
1455 346 1492 376 et
1510 342 1646 376 bellum

959 387 1057 421 brevi
1073 385 1218 420 conticit
1233 386 1317 420 ibid.
1340 387 1416 420 eius
1430 387 1588 431 epistula
1601 388 1646 421 ad

958 434 1000 472 Q.
1018 432 1208 465 Metellum
1222 431 1309 465 ibid.
1337 432 1381 466 dc
1397 434 1474 466 eius
1494 432 1646 476 imperio

957 477 1013 510 lcx
1039 477 1193 511 Manilia
1216 476 1258 511 P.
1280 477 1347 511 100
1383 478 1555 511 adversus
1577 476 1647 511 Mi-

956 522 1154 556 thridatem
1173 522 1304 555 missus
1325 522 1522 556 amicitiam
1542 533 1646 557 reno-

957 571 1019 600 vat
1032 579 1112 601 cum
1129 568 1313 602 Phrahate
1336 567 1423 601 ibid.
1456 567 1646 602 Mithrida-

958 612 1040 646 dem
1071 612 1183 646 vincit
1215 612 1302 646 ibid.
1350 613 1481 647 iterum
1511 613 1647 647 victum

957 656 1086 702 sugere
1107 658 1207 691 emit
1220 658 1261 691 P.
1278 658 1341 692 101
1368 658 1571 703 Tigranem
1591 669 1646 692 re—

958 703 1074 736 stituit
1089 685 1176 736 ibidD.
1207 702 1243 736 in
1265 703 1413 737 ultimas
1433 707 1563 748 gentes
1582 715 1644 747 pc-

957 751 1078 781 netrat
1092 747 1179 781 ibid.
1207 747 1364 781 Pontum
1386 749 1422 781 in
1437 749 1645 793 provinciae

957 792 1111 826 formam
1147 793 1283 845 redigit
1308 793 1349 826 P.
1374 794 1438 827 102
1486 794 1645 828 Iudaeos

958 837 1097 882 subigit
1109 837 1198 871 ibid.
1209 838 1306 871 emt
1321 838 1365 872 27
1390 849 1471 872 011111
1486 838 1646 872 Caesare

957 886 993 916 et
1007 882 1138 916 Crasso
1160 884 1344 926 conspirat
1364 883 1406 916 P.
1426 884 1492 916 103
1520 883 1646 917 trium-

958 928 1049 971 phat
1063 927 1150 961 ibid.
1176 927 1335 972 Magnus
1350 939 1368 961 e
1382 931 1462 962 tota
1474 929 1645 963 contione

958 972 1140 1006 salutatur
1159 971 1246 1006 ibid.
1273 984 1337 1017 pro
1352 973 1527 1008 Cicerone
1542 973 1645 1008 resti-

958 1017 1094 1052 tuendo
1108 1017 1270 1061 loquitur
1283 1018 1324 1051 P.
1341 1019 1406 1052 104
1431 1019 1463 1052 ei
1479 1029 1646 1053 annonae

958 1073 1046 1096 cura
1077 1063 1114 1096 in
1151 1063 1440 1107 quinquennium
1470 1064 1647 1098 mandata

957 1108 1045 1142 ibid.
1077 1107 1282 1152 Hispaniae
1304 1109 1341 1142 in
1359 1109 1646 1153 quinquennium

958 1154 1068 1187 datae
1077 1153 1118 1187 P.
1130 1154 1195 1187 105
1214 1153 1291 1188 eius
1305 1165 1394 1187 uxor
1408 1154 1504 1188 Iulia
1517 1154 1646 1189 defun-

958 1199 1057 1244 gitur
1069 1198 1112 1232 P.
1128 1199 1193 1233 106
1219 1199 1266 1232 ad
1285 1199 1578 1243 comprimendas
1592 1211 1646 1234 se-

959 1243 1115 1278 ditiones
1138 1243 1299 1278 urbanas
1325 1255 1347 1278 a
1365 1249 1497 1279 senatu
1520 1245 1648 1279 consul

958 1289 1065 1323 tertio
1080 1289 1177 1323 solus
1193 1293 1230 1324 et
1243 1289 1375 1324 absens
1390 1289 1509 1324 factus
1523 1290 1565 1324 P.
1581 1290 1646 1324 107

959 1335 992 1368 ei
1012 1346 1094 1369 cum
1114 1334 1325 1368 consulibus
1345 1335 1574 1378 mandatum,
1595 1335 1645 1368 vi—

958 1380 1104 1423 derent,
1124 1391 1170 1414 ne
1197 1380 1283 1424 quid
1309 1380 1517 1424 respublica
1536 1380 1646 1414 detri-

958 1426 1072 1459 menti
1098 1429 1248 1469 caperet
1274 1425 1314 1458 P.
1338 1425 1403 1458 109
1440 1436 1462 1459 a
1487 1424 1645 1460 Caesare

957 1470 1068 1503 Italia
1082 1470 1252 1513 expulsus
1266 1470 1354 1503 ibid.
1380 1471 1457 1504 eius
1478 1470 1511 1504 lc
1543 1472 1594 1504 ati
1608 1471 1644 1504 in

957 1514 1139 1557 Hispania
1153 1514 1301 1549 Caesari
1314 1526 1352 1549 50
1368 1515 1507 1549 dedunt
1537 1516 1563 1549 ³.
1579 1516 1645 1549 110

959 1560 1004 1593 ad
1018 1559 1291 1604 Dyrrhachium
1307 1571 1329 1593 a
1342 1560 1500 1594 Caesare
1521 1561 1643 1595 obses-

958 1617 1017 1638 sus
1032 1605 1073 1638 P.
1090 1606 1152 1638 111
1181 1605 1228 1638 ad
1242 1605 1473 1639 Pharsaliam
1497 1606 1576 1639 acie
1594 1606 1644 1639 vi·

957 1654 1036 1683 ctus
1050 1650 1137 1683 ibid.
1176 1650 1213 1683 in
1232 1651 1447 1695 Aegyptum
1468 1650 1645 1696 profugus

957 1695 1159 1729 Ptolemaei
1179 1695 1279 1728 iussu
1292 1694 1509 1729 interficitur
1522 1696 1563 1730 P.
1580 1697 1644 1729 112

957 1740 1033 1774 01115
1060 1744 1172 1783 caput
1191 1740 1341 1774 Caesari
1367 1740 1531 1774 oblatum
1555 1741 1643 1775 ibid.

957 1785 1003 1819 cf.
1019 1785 1061 1818 F.
1078 1785 1122 1818 33
1136 1797 1152 1818 5
1173 1789 1209 1819 et
1228 1785 1309 1819 Liv.
1324 1797 1370 1830 ap
1399 1785 1490 1820 Tae.
1506 1786 1552 1820 ab
1567 1797 1641 1821 exc.

956 1830 990 1863 d.
1004 1830 1101 1874 Aug.
1115 1830 1148 1872 4,
1163 1830 1217 1863 34.

933 1875 998 1910 Cn.
1013 1875 1211 1920 Pompeius
1224 1875 1353 1921 Magni
1366 1876 1407 1909 F.
1417 1875 1553 1911 bellum
1563 1887 1643 1910 cum

955 1920 1114 1955 Caesare
1133 1925 1285 1955 renovat
1303 1921 1344 1955 P.
1368 1922 1433 1955 113
1469 1922 1515 1955 ad
1540 1921 1644 1956 Mun—

956 1966 1039 1999 dam
1056 1977 1077 2000 a
1091 1965 1250 2001 Caesare
1263 1966 1381 2000 victus
1393 1967 1436 2000 P.
1451 1968 1527 2001 115.

933 2011 975 2044 L.
996 2011 1195 2055 Pompeius
1218 2012 1303 2045 trib.
1329 2012 1402 2045 mil.
1430 2022 1514 2046 suos
1533 2012 1570 2046 in
1589 2016 1644 2046 tu-

955 2057 1092 2090 mulum
1105 2056 1236 2100 recipit
1248 2056 1304 2097 42,
1319 2057 1372 2099 65,
1389 2057 1420 2090 6.

933 2100 975 2142 Q.
987 2101 1183 2145 Pompeius
1198 2113 1269 2135 005.
1281 2101 1530 2136 Termestinos
1545 2103 1642 2137 subi-

954 2147 1009 2225 ῗζίῖ
1028 2146 1070 2180 Ρ.
1087 2147 1130 2180 54
1160 2157 1288 2181 censor
1302 2147 1466 2191 explebe
1481 2148 1522 2181 P.
1537 2149 1581 2182 59
1597 2148 1642 2182 cf.

934 2236 976 2277 Q.
991 2237 1189 2281 Pompeius
1204 2248 1274 2271 cos.
1291 2237 1331 2270 P.
1348 2238 1389 2270 77
1416 2237 1492 2271 01115
1512 2236 1607 2271 filius
1624 2249 1645 2272 a

956 2282 1063 2316 Marii
1083 2282 1245 2316 factione
1267 2282 1480 2316 interfectus
1494 2282 1581 2317 ibid.
1597 2283 1643 2317 cf.

956 2327 997 2360 F.
1020 2328 1062 2361 15
1099 2327 1164 2362 Cn.
1184 2328 1339 2372 Pompei
1363 2327 1515 2362 consilio
1535 2328 1644 2363 inter-

955 2373 1073 2406 fectus
1088 2372 1175 2406 ibid.

935 2418 1015 2452 Sex.
1031 2417 1228 2462 Pompeius
1248 2417 1376 2463 Magni
1397 2417 1439 2451 F.
1460 2421 1564 2462 patre
1585 2429 1643 2452 oc-

956 2463 1030 2496 ciso
1057 2463 1112 2508 Cy
1140 2475 1217 2496 rum
1242 2463 1339 2508 fugit.
1358 2463 1399 2496 P.
1423 2464 1487 2496 112
1518 2475 1644 2508 pugna

956 2508 1003 2542 ad
1017 2507 1104 2541 Mun
1134 2520 1192 2542 am
1207 2509 1399 2542 commissa
1413 2508 1509 2553 fugit
1522 2508 1564 2541 P.
1578 2509 1644 2541 115

957 2553 1019 2586 diu
1033 2553 1069 2586 in
1084 2554 1173 2587 mari
1195 2554 1392 2597 praedatus
1409 2552 1570 2587 Siciliam
1584 2563 1642 2586 oc-

956 2598 1191 2643 cupatP.123
1215 2599 1335 2632 000150
1348 2597 1525 2641 Pompeio
1537 2608 1642 2642 prac-
