1804 2926
510 153 663 186 LIBER
688 152 871 195 XXXXI,
897 153 952 185 23.
972 153 1026 185 24.
1055 155 1104 195 [a.
1121 152 1160 187 C.
1176 154 1256 196 174]
1505 145 1558 184 23

203 257 256 297 ad
281 262 439 297 certum
463 254 700 309 redigatur,
734 269 921 295 vanusne
953 254 1020 295 hic
1045 254 1170 295 timor
1193 262 1333 297 noster
1358 271 1411 296 an
1435 270 1558 296 verus

201 317 339 358 fuerit.
399 317 433 357 si
468 331 551 371 pax
588 316 787 357 inviolata
822 316 930 357 inter
965 315 1225 358 Macedonas
1262 318 1558 370 Romanosque

200 378 397 427 manebit,
422 379 543 419 nobis
569 392 737 431 quoque
763 378 945 418 amicitia
971 385 1010 419 et
1031 379 1328 420 commercium
1353 379 1403 419 sit
1412 395 1423 428 3
1448 393 1560 419 nunc

202 440 252 481 de
284 455 333 482 eo
366 439 605 494 [consilium
637 438 806 494 capere]
839 440 1124 494 periculosum
1150 448 1189 482 et
1220 441 1474 481 inmaturum
1498 441 1559 481 vi-

201 502 347 542 detur.'

286 563 489 603 XXIIII.
527 563 631 603 Post
651 563 762 604 hunc
776 562 935 610 Archo,
962 563 1092 604 frater
1105 563 1323 604 Xenarchi
1342 563 1557 618 praetoris,

201 627 258 666 ita
284 625 489 666 disseruit.
539 625 774 665 ‘difficilem
799 625 1030 665 orationem
1060 624 1304 666 Callicrates
1330 633 1370 666 et
1394 625 1496 665 mihi
1521 633 1561 666 et

201 687 413 736 omnibus,
444 686 515 739 qui
541 686 593 727 ab
620 701 668 728 00
695 686 979 735 dissentimus,
1004 686 1103 728 fecit
1113 703 1122 735 3
1150 687 1313 741 agendo
1339 687 1449 728 enim
1474 687 1560 727 Ro-

201 765 349 790 manae
375 749 583 789 societatis
616 764 785 789 causam
810 748 917 803 ipse,
950 749 1228 804 temptarique
1255 758 1295 789 et
1325 749 1559 804 oppugnari

202 812 377 852 dicendo
397 825 523 864 quam
542 825 664 852 nemo
684 825 821 864 neque
846 818 1023 865 temptat
1047 825 1183 864 neque
1205 820 1433 865 oppugnat,
1459 811 1559 851 effe-

202 873 275 921 cit,
313 881 359 913 ut
390 873 461 925 qui
493 873 545 913 ab
578 888 621 913 se
653 873 908 921 dissentiret,
946 873 1148 913 adversus
1179 873 1391 914 Romanos
1424 873 1560 914 dicere

202 935 423 975 videretur.
474 949 522 975 ac
546 935 728 988 primum
755 935 954 983 omnium,
981 943 1195 987 tamquam
1220 950 1304 975 non
1328 935 1395 975 hic
1419 935 1560 975 nobis—

205 1012 301 1037 011111
326 997 492 1044 fuisset,
519 997 592 1037 sed
617 1004 689 1036 aut*
714 1011 766 1037 ex
791 997 906 1037 curia
930 997 1074 1051 populi
1099 997 1279 1037 Romani
1304 997 1463 1038 veniret
1488 1006 1560 1037 aut

204 1074 350 1113 regum
367 1059 526 1099 arcanis
546 1059 775 1105 interesset,
794 1058 933 1099 onmia
948 1059 1021 1099 scit
1037 1066 1075 1099 et
1098 1059 1260 1099 nuntiat
1277 1073 1383 1112 quae
1398 1059 1559 1099 occulte

203 1122 314 1161 facta
339 1128 448 1160 sunt.
509 1120 668 1160 divinat
694 1120 819 1160 etiam
846 1134 954 1173 quae
980 1120 1123 1160 futura
1147 1120 1314 1169 fuerint,
1341 1121 1373 1160 si
1398 1120 1560 1174 Philip-

205 1197 284 1236 pus
303 1182 487 1229 vixisset,
514 1181 615 1235 quid
640 1182 696 1221 ita
711 1181 892 1222 Perseus
914 1182 1032 1235 regni
1058 1181 1176 1222 heres
1197 1182 1261 1230 sit,
1288 1182 1389 1235 quid
1414 1189 1559 1236 parent

203 1244 477 1289 Macedones,
509 1243 609 1295 quid
635 1243 815 1296 cogitent
841 1244 1033 1284 Romani.
1095 1257 1169 1283 nos
1197 1254 1355 1291 autem,
1387 1244 1458 1296 qui
1482 1258 1560 1284 nee

202 1306 256 1345 ob
276 1320 402 1357 quam
423 1319 592 1344 causam
617 1319 695 1344 nec
717 1318 843 1356 quem
863 1305 916 1345 ad
941 1305 1111 1344 modum
1137 1305 1302 1358 perierit
1317 1304 1559 1346 Demetrius

203 1367 355 1407 scimus
387 1381 463 1406 1100
494 1365 596 1418 quid
627 1365 871 1420 Philippus,
911 1365 945 1406 si
976 1366 1167 1413 vixisset,
1204 1366 1390 1406 facturus
1422 1367 1560 1415 fuerit,

203 1429 256 1469 ad
281 1428 382 1468 haec
408 1441 516 1480 quae
547 1427 686 1481 palam
719 1435 922 1481 geruntur
953 1427 1125 1468 consilia
1154 1436 1296 1468 nostra
1327 1442 1561 1468 accommo-

203 1491 302 1531 dare
328 1497 502 1544 oportet.
563 1504 611 1529 ac
644 1489 798 1530 scimus
824 1489 982 1530 Persea
1014 1504 1143 1543 regno
1171 1497 1342 1543 accepto
1368 1505 1511 1544 regem
1537 1505 1560 1530 a

203 1552 357 1607 populo
388 1552 579 1592 Romano
611 1552 885 1605 appellatum3
924 1551 1116 1592 audimus
1152 1551 1313 1605 legatos
1346 1552 1560 1592 Romanos

202 1615 365 1655 venisse
392 1614 445 1654 ad
474 1628 618 1668 regem
644 1622 684 1654 et
716 1628 786 1654 cos
819 1614 999 1668 benigne
1025 1621 1234 1667 exceptos.
1294 1613 1398 1654 haec
1423 1613 1562 1654 omnia

203 1677 318 1731 pacis
346 1675 541 1729 equidem
568 1675 687 1730 signa
712 1691 802 1717 esse
828 1676 979 1725 iudico,
1005 1690 1089 1716 non
1114 1675 1225 1724 belli,
1250 1690 1327 1716 1100
1348 1675 1561 1716 Romanos

205 1739 361 1779 offendi
393 1753 534 1793 posse,
572 1738 606 1778 si
642 1746 689 1778 ut
718 1739 875 1778 bellum
909 1746 1102 1793 gerentes
1135 1754 1205 1779 eos
1239 1738 1370 1779 secuti
1402 1754 1560 1787 511111115,

205 1816 316 1841 1111110
341 1814 507 1853 quoque
538 1800 652 1854 pacis
679 1809 870 1841 auctores
897 1815 1134 1854 sequamur.
1195 1815 1269 1841 cur
1293 1801 1460 1853 quidem
1486 1815 1561 1840 nos

205 1862 456 1915 inexpiabile
482 1862 668 1902 omnium
693 1862 770 1902 soli
802 1862 959 1902 bellum
984 1862 1184 1903 adversus
1215 1877 1392 1916 regnum
1416 1862 1562 1903 Mace-

208 1925 363 1964 donum
383 1938 591 1977 geramus,
616 1938 701 1964 non
720 1924 856 1964 video.
898 1924 1122 1978 opportuni
1142 1924 1452 1978 propinquitate
1471 1924 1562 1978 ipsa

208 1985 485 2025 BIacedoniae
517 1985 685 2025 sumus?
722 2001 775 2025 an
811 1985 1081 2025 infirmissimi
1111 1985 1297 2025 omnium
1333 1992 1561 2038 tamquam,

208 2061 312 2100 quos
338 2061 471 2100 nuper
491 2046 670 2100 subegit,
690 2046 903 2100 Dolopes?
933 2047 1060 2086 immo
1083 2054 1225 2087 contra
1250 2061 1299 2087 ea
1318 2047 1384 2087 vel
1404 2046 1562 2086 viribus

209 2108 379 2156 nostris,
422 2108 546 2149 deum
582 2108 859 2162 benignitate,
896 2108 963 2148 vel
998 2108 1179 2162 regionis
1215 2108 1433 2148 intervallo
1470 2108 1561 2148 tuti.

211 2172 283 2212 sed
320 2171 447 2211 simus
483 2185 615 2223 aeque
652 2170 828 2210 subiecti
859 2185 907 2211 ao
940 2170 1130 2210 Thessali
1155 2170 1398 2224 Aetolique3
1434 2171 1562 2211 nihilo

210 2234 304 2287 plus
340 2233 437 2273 fidei
474 2232 813 2285 auctoritatisque
856 2232 1058 2273 habemus
1097 2233 1296 2273 adversus
1333 2232 1559 2281 Romanos,

212 2295 283 2348 qui
315 2308 478 2348 semper
509 2294 609 2334 socii
640 2301 764 2346 atquc
790 2294 911 2334 amici
943 2294 1118 2342 fuimus,
1150 2309 1275 2347 quam
1300 2295 1460 2343 Aetoli,
1492 2295 1563 2347 qui

212 2357 337 2411 paulo
363 2363 457 2396 ante
482 2356 621 2397 hostes
648 2356 841 2396 fuerunt?
871 2356 984 2409 quod
998 2356 1173 2405 Aetolis,
1201 2357 1314 2410 quod
1335 2357 1562 2404 Thessalis,

212 2419 327 2471 quod
344 2418 541 2472 Epirotis,
568 2418 681 2458 omni
707 2418 885 2471 denique
908 2416 1113 2459 Graeciae
1139 2433 1233 2459 cum
1255 2418 1562 2459 Macedonibus

212 2482 312 2522 iuris
346 2488 426 2528 est,
463 2480 574 2521 idem
599 2488 640 2521 et.
671 2480 790 2521 nobis
823 2481 887 2521 sit.
947 2495 1021 2521 cur
1045 2481 1310 2522 exsecrabilis
1340 2481 1420 2521 ista
1443 2481 1563 2522 nobis

214 2545 311 2585 solis
348 2545 462 2585 velut
496 2543 720 2598 dissaeptio
757 2543 857 2584 iuris
894 2543 1067 2584 humani
1096 2544 1183 2585 est?
1225 2543 1370 2585 fecerit
1406 2544 1563 2597 aliquid

213 2607 453 2662 Philippus,
490 2620 564 2647 cur
588 2606 788 2647 adversus
814 2621 908 2647 011111
935 2613 1139 2647 armatum
1164 2613 1204 2648 ct
1234 2606 1390 2648 bellum
1414 2621 1562 2660 geren-

1587 330 1624 359 18

1588 576 1601 604 1

1585 700 1603 729 2

1592 2372 1630 2401 10

1592 2559 1625 2586 11
