1804 2926
498 142 650 177 LIBER
673 141 880 185 xxxxn,
907 142 960 175 51.
981 141 1035 175 52.
1064 143 1113 184 [a.
1128 139 1167 174 e.
1183 140 1263 182 171]
1507 129 1556 169 71

208 248 399 290 metrium
430 245 651 287 occiderat.
712 252 753 286 et
789 252 1043 285 armatorum
1076 244 1158 284 duo
1190 243 1305 284 milia
1338 242 1559 284 Gallorum

207 318 336 359 erant,
362 308 574 363 praefecto
596 307 908 362 Asclepiodoto.
947 308 1000 347 ab
1020 306 1230 347 Heraclea
1257 321 1306 347 ex
1330 306 1461 347 Sintis
1482 305 1560 346 tria

206 373 319 413 milia
343 371 555 411 Threcum
584 370 812 411 liberorum
839 385 960 410 suum
988 369 1138 409 ducem
1169 367 1394 409 habebant.
1456 366 1560 408 Cre-

205 434 384 476 tensium
408 448 485 487 par
508 447 641 486 paene
673 447 872 472 numerus
899 446 995 472 suos
1023 431 1150 472 duces
1176 431 1451 484 sequebatur,
1478 429 1560 471 Su-

207 511 298 537 sum
333 495 669 535 Phalasarneum
706 502 746 535 et
783 493 948 548 Syllum
988 493 1210 535 Gnosium.
1271 501 1312 534 et
1347 492 1559 534 Leonides

205 556 567 598 Lacedaemonius
593 556 831 611 quingentis
858 571 909 597 cx
936 555 1137 605 Graecia,
1169 555 1292 596 misto
1317 555 1461 610 generi
1485 554 1561 595 ho-

204 619 385 668 minum,
416 626 620 673 praeerat.
680 621 770 673 regi
794 619 828 659 is
853 618 1019 673 generis
1045 618 1270 666 ferebatur,
1298 617 1417 658 exsul
1443 617 1560 657 dam-

204 689 326 722 natus
364 680 573 734 frequenti
603 681 778 721 concilio
810 681 1100 729 Achaeorum,
1138 679 1284 721 litteris
1317 679 1371 720 ad
1400 679 1559 720 Persea

205 743 432 799 deprensis.
492 743 743 784 Aetolorum
769 751 809 785 et
834 744 1104 791 Boeotorum,
1130 743 1201 796 qui
1225 757 1309 783 non
1335 742 1559 797 explebant

205 806 297 860 plus
318 820 445 859 quam
464 805 788 860 quingentorum
810 820 954 846 omnes
974 820 1207 854 numerum,
1227 804 1347 859 Lyco
1361 804 1559 845 Achaeus

205 868 441 922 praefectus
461 875 561 908 erat.
600 883 652 908 cx
671 867 735 908 his
757 867 897 908 mixtis
916 875 977 908 tot
995 867 1260 922 populorum,
1287 874 1347 907 tot
1370 866 1560 921 gentium

206 930 369 970 auxiliis
401 929 622 970 duodecim
659 929 773 970 milia
809 936 1064 970 armatorum
1096 929 1226 970 ferme
1258 928 1559 969 efficiebantur.

206 991 393 1044 equitum
419 1006 471 1031 cx
494 998 581 1031 tota
605 991 861 1032 Macedonia
885 998 1149 1032 contraxerat
1175 988 1293 1045 [tria]
1320 990 1446 1031 milia.
1490 1005 1561 1030 ve-

205 1060 324 1094 nerat.
349 1053 495 1094 eodem
522 1052 653 1107 Cotys
681 1053 850 1094 Seuthis
876 1054 998 1102 filius,
1024 1068 1097 1094 rex
1122 1053 1258 1107 gentis
1281 1051 1558 1106 Odrysarum,

206 1130 301 1156 cum
326 1115 437 1156 mille
458 1115 627 1155 delectis
649 1116 872 1168 equitibus,
898 1115 987 1169 pari
1012 1114 1142 1155 ferme
1162 1114 1351 1169 peditum
1371 1128 1558 1154 numero.

204 1178 263 1218 ita
288 1192 451 1217 summa
475 1177 601 1217 totius
626 1178 832 1218 exercitus
858 1177 1251 1231 undequadraginta
1266 1175 1420 1231 [milia]
1442 1176 1559 1231 pedi-

205 1246 293 1280 tum
319 1246 448 1286 erant,
475 1246 671 1291 quattuor
695 1239 895 1292 equitum.
946 1238 1046 1278 satis
1072 1239 1301 1287 constabat,
1328 1238 1559 1279 secundum

205 1315 301 1342 eum
332 1300 560 1340 exercitum
591 1314 715 1353 quem
749 1315 926 1354 magnus
952 1300 1197 1341 Alexander
1228 1300 1270 1340 in
1295 1300 1445 1340 Asiam
1477 1307 1560 1340 tra-

203 1362 318 1411 iecit,
354 1376 585 1415 numquam
620 1362 744 1402 ullius
776 1362 1063 1402 Macedonum
1098 1362 1209 1416 regis
1247 1362 1387 1417 copias
1424 1370 1559 1402 tantas

203 1424 345 1464 fuisse.

288 1486 387 1525 Lss.
427 1484 581 1526 Sextus
617 1493 657 1525 et
694 1485 918 1526 vicesimus
956 1500 1089 1526 annus
1127 1485 1350 1539 agebatur,
1388 1500 1440 1526 ex
1477 1499 1559 1538 quo

203 1549 359 1603 petenti
372 1548 569 1602 Philippo
585 1548 682 1588 data
702 1563 785 1602 pax
805 1555 910 1597 erat3
936 1563 1010 1602 per
1031 1548 1074 1588 id
1088 1562 1210 1588 omne
1232 1554 1398 1601 tempus
1419 1547 1560 1601 quieta

203 1610 457 1651 Macedonia
481 1618 521 1651 et
545 1610 790 1665 progeniem
813 1610 1012 1657 ediderat,
1039 1610 1155 1650 cuius
1175 1624 1330 1664 magna
1355 1624 1451 1664 pars
1472 1624 1561 1650 ma-

204 1680 297 1713 tura
322 1672 491 1713 militiae
518 1679 645 1720 esset,
672 1679 712 1713 et
735 1672 898 1713 levibus
924 1672 1043 1713 bellis
1070 1672 1284 1713 Thracum
1310 1672 1559 1719 accolarum,

205 1749 311 1788 quae
337 1742 578 1775 exercerent
604 1734 738 1789 magis
763 1749 890 1788 quam
915 1734 1161 1789 fatigarent,
1195 1734 1272 1774 sub
1299 1734 1475 1774 adsidua
1500 1741 1561 1774 ta-

205 1812 301 1838 men
336 1797 483 1837 militia
518 1796 667 1837 fuerat.
728 1805 769 1838 et
806 1797 877 1837 diu
909 1797 1153 1838 meditatum
1184 1796 1381 1850 Philippo
1412 1797 1560 1850 primo,

206 1858 354 1899 deinde
391 1865 432 1898 et
467 1858 613 1898 Persei
644 1859 883 1899 Romanum
920 1859 1076 1900 bellum
1114 1859 1254 1899 onmia
1284 1867 1331 1899 ut
1359 1859 1562 1899 instructa

206 1926 434 1974 parataque
466 1926 604 1960 essent
640 1920 848 1960 effecerat.
908 1928 1021 1960 mota
1050 1935 1277 1974 parumper
1312 1921 1440 1967 acies,
1477 1936 1561 1961 non

206 1981 315 2021 iusto
335 1981 514 2020 decursu
539 1989 691 2029 tamen,
716 1996 768 2021 ne
789 1981 951 2022 stetisse
973 1989 1136 2022 tantum
1161 1982 1203 2021 in
1224 1981 1348 2022 armis
1370 1982 1561 2022 videren-

207 2054 293 2092 tur,
317 2066 374 2070 —-
398 2050 679 2095 armatosque,
717 2043 823 2083 sicut
860 2051 994 2091 erant,
1034 2044 1086 2083 ad
1118 2043 1352 2084 contionem
1382 2044 1560 2084 vocavit.

206 2105 295 2159 ipse
333 2104 514 2145 constitit
549 2103 593 2144 in
628 2104 846 2153 tribunali,
884 2105 992 2145 circa
1029 2120 1072 2145 se
1108 2104 1268 2145 habens
1304 2105 1408 2145 filios
1442 2105 1560 2154 duos,

208 2166 324 2206 cuius
337 2166 448 2219 paris
461 2165 683 2219 Philippus
698 2175 845 2206 natura
865 2166 1006 2213 frater,
1028 2166 1250 2219 adoptione
1272 2166 1393 2215 filius,
1414 2166 1562 2215 minor,

207 2242 333 2280 quem
347 2228 637 2267 Alexandrum
653 2227 873 2277 vocabant,
900 2227 1099 2268 naturalis
1113 2235 1213 2268 crat.
1247 2227 1484 2269 cohortatus
1500 2236 1562 2269 cst

208 2289 358 2329 milites
373 2289 425 2329 ad
446 2289 615 2337 bellum,
631 2289 825 2329 iniuriam
846 2289 989 2343 populi
1003 2289 1183 2329 Romani
1203 2289 1245 2329 in
1258 2297 1419 2343 patrem
1434 2305 1562 2343 seque

209 2350 553 2392 conmemoravit:
591 2351 706 2391 illum
739 2351 931 2391 omnibus
963 2351 1280 2406 indignitatibus
1307 2353 1557 2406 conpulsum

209 2414 262 2454 ad
291 2413 597 2462 rebellandum,
633 2413 740 2454 inter
771 2420 1017 2468 apparatum
1048 2414 1147 2454 belli
1177 2413 1263 2454 fato
1295 2428 1540 2468 oppressum
1550 2431 1560 2463 ;

209 2475 263 2516 ad
288 2490 331 2515 se
357 2475 479 2515 simul
509 2476 689 2529 legatos,
721 2476 843 2516 simul
874 2475 1023 2517 milites
1055 2476 1109 2516 ad
1134 2476 1400 2530 occupandas
1427 2475 1562 2517 Grae-

210 2536 297 2577 ciae
330 2537 453 2577 urbes
491 2537 651 2577 missos.
718 2536 855 2578 fallaci
889 2537 984 2578 dein
1016 2537 1236 2591 conloquio
1273 2553 1348 2592 per
1379 2537 1560 2592 speciem

209 2598 537 2640 reconciliandae
573 2599 687 2654 pacis
724 2606 951 2641 extractam
988 2600 1186 2650 hiemem,
1223 2608 1267 2641 ut
1306 2608 1470 2655 tempus
1508 2601 1561 2641 ad

1588 258 1603 286 7

1585 754 1603 782 9

1588 1001 1628 1030 10

1587 1186 1623 1214 11

1586 1558 1604 1587 10

1586 2552 1605 2580 8
