1804 2926
517 141 668 175 LIBER
691 140 900 184 XXXXII,
927 140 981 173 31.
1003 140 1057 173 32.
1085 143 1135 181 [a.
1151 138 1190 174 C.
1208 141 1287 185 171]
1522 132 1576 172 53

226 248 381 288 Persea
405 244 561 298 quique
587 244 674 284 eius
701 251 857 284 sectam
882 243 1012 284 secuti
1038 250 1188 291 essent,
1213 243 1293 283 nisi
1318 244 1472 297 populo
1494 244 1579 284 Ro-

227 322 349 349 mano
375 306 690 354 satisfecissent,
722 306 831 345 bello
856 313 1189 360 persequeretur.
1249 305 1435 359 legiones
1460 314 1580 359 quat-

228 378 321 410 tuor
345 383 474 408 novas
507 367 631 408 scribi
662 367 837 421 placuit,
876 367 993 407 binas
1026 366 1200 421 singulis
1225 367 1478 407 consulibus.
1537 367 1580 406 id

224 430 446 486 praecipue
472 429 710 484 provinciae
724 429 1001 469 Macedoniae
1027 429 1185 478 datum,
1211 429 1336 482 quod,
1363 444 1459 469 cum
1480 429 1582 469 alte-

225 492 310 533 rius
343 492 522 532 consulis
553 491 789 545 legionibus
814 490 942 544 quina
966 491 1079 531 milia
1103 499 1142 531 et
1169 491 1319 531 duceni
1344 491 1504 544 pedites
1529 505 1581 530 ex

227 561 367 594 vetere
392 553 578 593 instituto
613 553 811 592 darentur
840 552 883 592 in
908 552 1093 606 singulas
1125 552 1330 606 legiones,
1366 552 1408 591 in
1433 552 1581 592 Blacc-

225 615 393 655 doniam
426 629 525 655 sena
556 614 670 654 milia
699 614 887 668 peditum
913 614 1038 654 scribi
1069 614 1202 661 iussa,
1234 613 1394 667 equites
1426 613 1582 654 treceni

226 677 454 730 aequaliter
477 677 519 716 in
539 676 724 731 singulas
749 677 948 730 legiones.
986 684 1025 717 61
1049 677 1092 716 111
1117 676 1259 717 5061311
1278 676 1463 717 exercitu
1484 691 1582 716 con-

226 739 305 779 suli
338 739 455 779 alteri
484 747 631 779 auctus
662 753 879 778 numerus:
912 740 933 789 †
964 738 1359 779 dOCCC.CCL111.L111
1380 738 1581 792 peditum,

229 800 491 855 octingentos
517 800 698 853 equites,
722 808 888 854 praeter
914 814 983 840 eos
1009 814 1112 853 quos
1135 798 1213 840 Cn.
1231 798 1413 841 Sicinius
1439 799 1582 839 duxis-

227 870 289 903 set
328 870 540 903 sescentos
572 862 753 915 equites,
783 862 827 902 in
851 861 1147 902 Macedoniam
1172 862 1375 902 traiceret.
1435 861 1581 902 Italiae

227 925 326 965 satis
362 924 452 965 visa
488 924 709 965 duodecim
750 924 865 964 milia
907 924 1114 965 sociorum
1150 924 1358 978 peditum,
1404 923 1582 964 sescenti

228 987 400 1039 equites.
461 985 564 1025 illud
590 1000 756 1039 quoque
788 986 1061 1039 praecipuum
1087 986 1230 1026 datum
1256 985 1355 1025 sorti
1380 984 1582 1025 Macedo-

228 1049 339 1097 niae,
382 1055 428 1088 ut
473 1048 733 1088 centuriones
771 1048 1007 1101 militesque
1044 1055 1205 1088 veteres
1243 1047 1439 1088 scriberet
1477 1061 1581 1099 quos

227 1110 351 1151 vellet
376 1109 519 1150 consul
550 1124 683 1162 usquc
709 1109 763 1149 ad
796 1109 1101 1163 quinquaginta
1127 1124 1269 1149 annos.
1329 1109 1372 1149 in
1404 1107 1581 1148 tribunis

230 1172 407 1212 militum
432 1178 631 1211 novatum
658 1186 706 1212 eo
732 1186 840 1211 anno
870 1179 1039 1225 propter
1062 1171 1385 1212 Macedonicum
1411 1171 1581 1218 bellum,

229 1234 342 1287 quod
367 1233 558 1273 consules
584 1248 634 1273 ex
666 1242 833 1273 senatus
860 1234 1047 1274 consulto
1074 1234 1127 1273 ad
1156 1234 1359 1287 populum
1384 1233 1580 1281 tulerunt,

227 1310 279 1335 116
304 1294 459 1334 tribuni
483 1294 661 1333 militum
687 1308 734 1334 eo
756 1308 864 1334 anno
886 1294 1082 1348 suffragis
1108 1304 1360 1342 crearentur,
1386 1295 1459 1336 sed
1484 1309 1582 1335 eon-

228 1357 363 1397 sulum
384 1366 704 1410 praetorumque
724 1356 767 1396 in
785 1358 818 1395 is
839 1355 1040 1396 faciendis
1059 1356 1258 1396 iudicium
1279 1357 1579 1409 arbitriumque

228 1427 347 1460 esset.
418 1418 525 1458 inter
560 1428 771 1472 praetores
807 1418 864 1458 ita
906 1418 1058 1471 partita
1094 1418 1287 1472 imperia:
1331 1426 1579 1472 praetorem,

228 1481 345 1521 cuius
371 1495 459 1520 sors
484 1479 651 1528 fuisset,
691 1490 735 1520 ut
759 1479 837 1521 irct
863 1494 945 1532 quo
971 1487 1139 1521 senatus
1166 1480 1412 1529 censuisset,
1443 1480 1583 1520 Brun-

228 1543 379 1583 disium
419 1542 473 1582 ad
515 1542 690 1582 classem
732 1542 790 1582 ire
828 1542 985 1596 placuit
1021 1550 1145 1595 atque
1188 1542 1247 1582 ibi
1284 1556 1582 1597 recognoscere

208 1605 360 1645 'socios
396 1604 565 1644 navales
603 1604 867 1657 dimissisque
905 1604 938 1643 si
974 1604 1046 1657 qui
1084 1619 1230 1658 parum
1268 1604 1408 1645 idonei
1445 1611 1582 1645 essent

229 1667 565 1721 supplementum
600 1667 740 1720 legere
777 1681 828 1706 ex
863 1666 1064 1707 libertinis
1102 1674 1142 1707 et
1179 1667 1277 1707 dare
1310 1681 1499 1720 operam,
1536 1673 1584 1706 ut

231 1729 338 1770 duae
370 1736 508 1783 partes
541 1729 695 1769 civium
727 1729 1032 1777 Romanorum,
1070 1729 1191 1769 tertia
1222 1729 1430 1770 sociorum
1461 1736 1581 1769 esset.

230 1798 485 1831 commeatus
512 1791 634 1831 classi
659 1791 980 1845 legionibusque
1006 1798 1052 1831 ut.
1077 1806 1128 1831 ex
1143 1790 1287 1832 Sicilia
1303 1790 1580 1843 Sardiniaque

231 1853 576 1900 subveherentur,
614 1853 894 1906 praetoribus,
934 1851 1046 1907 [qui]
1079 1869 1148 1894 eas
1184 1853 1418 1907 provincias
1450 1853 1583 1893 sortiti

232 1920 386 1961 essent,
417 1914 606 1953 mandari
630 1914 805 1967 placuit,
837 1923 883 1954 ut
908 1915 1057 1955 alteras
1084 1915 1279 1956 decumas
1307 1915 1458 1956 Siculis
1484 1914 1584 1955 Sar-

233 1975 379 2027 disque
403 1975 669 2029 imperarent,
695 1977 808 2028 quod
833 1976 1087 2017 frumentum
1110 1977 1163 2016 ad
1183 1978 1410 2017 exercitum
1429 1977 1583 2017 1111113-

233 2036 446 2078 cedoniam
478 2045 725 2090 portaretur.
787 2037 973 2078 Siciliam
1002 2037 1051 2078 C.
1080 2037 1283 2079 Caninius
1315 2039 1488 2079 Rebilus
1520 2046 1582 2079 est

233 2099 412 2146 sortitus,
439 2099 490 2138 L.
516 2099 670 2139 Furius
695 2099 843 2139 Philus
871 2098 1122 2148 Sardiniam,
1151 2099 1223 2154 [L.
1252 2099 1478 2141 Canuleius
1503 2101 1583 2140 Hi-

233 2159 462 2215 spaniam,]
502 2160 550 2200 C.
585 2160 795 2214 Sulpicius
827 2160 966 2202 Galba
1004 2161 1205 2201 urbanam
1242 2162 1582 2211 iurisdictionem,

233 2223 286 2263 L.
312 2222 464 2264 Villius
497 2223 675 2263 Annalis
706 2223 812 2263 inter
842 2223 1103 2277 peregrinos3
1137 2222 1186 2264 C.
1213 2223 1411 2265 Lucretio
1443 2223 1582 2273 Gallo,

234 2299 317 2338 quo
343 2291 510 2324 senatus
536 2284 777 2332 censuisset,
803 2298 890 2324 sors
917 2285 1098 2325 obvenit.

318 2347 522 2387 XXXII.
560 2347 675 2387 Inter
690 2347 881 2387 consules
903 2347 1036 2401 magis
1058 2347 1264 2388 cavillatio
1284 2362 1410 2400 quam
1430 2363 1583 2403 magna

235 2409 442 2450 contentio
469 2409 520 2449 de
546 2408 760 2463 provincia
784 2408 875 2448 fuit.
924 2407 1095 2449 Cassius
1120 2409 1208 2451 sine
1234 2418 1343 2450 sorte
1369 2425 1412 2450 se
1436 2410 1583 2451 Blacc-

236 2471 403 2511 doniam
439 2478 678 2524 optaturum
722 2471 907 2518 dicebat,
949 2486 1026 2511 nec
1068 2486 1191 2525 posse
1229 2472 1433 2526 collegam
1469 2473 1582 2513 salvo

234 2530 323 2573 iure
354 2533 527 2573 iurando
560 2547 700 2573 secum
733 2533 887 2573 sortiri:
918 2540 1151 2586 praetorem
1177 2549 1273 2574 eum
1298 2535 1427 2582 enim,
1459 2550 1511 2576 ne
1540 2535 1582 2575 in

235 2595 490 2649 provinciam
508 2594 598 2644 iret,
620 2594 663 2635 in
682 2594 872 2636 contione
891 2595 1063 2645 iurasse,
1083 2611 1127 2637 56
1146 2603 1252 2637 stato
1273 2596 1363 2637 loeo
1384 2597 1583 2651 statisque

1606 319 1622 347 10

1609 2549 1628 2569 Ο

1609 2569 1627 2579 aa
