1804 2926
443 138 595 173 LIBER
619 136 845 180 XXXXHI,
874 136 926 169 12.
949 136 1002 169 13.
1031 138 1079 178 [a.
1094 134 1133 170 C.
1149 136 1223 169 170.
1242 136 1321 179 1051]
1509 128 1559 168 97

290 243 397 284 ΧΠ.
433 240 646 295 Principio
678 240 935 294 insequentis
972 239 1068 280 anni
1100 254 1196 280 011111
1234 241 1425 282 consules
1461 240 1560 281 novi

210 306 262 357 Q.
294 303 482 345 Marcius
519 311 559 344 et
590 301 670 343 Cn.
704 302 907 344 Servilius
945 302 995 343 de
1031 302 1257 356 provinciis
1293 303 1562 351 rettulissent,

207 367 339 422 primo
364 380 532 419 quoque
556 373 743 419 tempore
764 372 837 405 aut
857 379 1085 419 conparare
1111 380 1182 406 eos
1206 366 1314 407 inter
1339 382 1382 408 se
1396 366 1563 407 Italiam

207 437 247 470 et
260 427 557 468 Macedoniam
577 435 649 467 aut
668 426 804 467 sortiri
828 427 1003 480 placuit:
1030 427 1274 481 priusquam
1298 428 1341 468 id
1367 443 1455 468 sors
1475 442 1563 468 cer·
1589 442 1603 467 ⁶.

207 496 342 538 neret,
378 489 422 529 in
450 489 676 538 incertum,
712 504 765 530 ne
791 488 893 542 quid
923 489 1059 543 gratia
1084 490 1285 531 momenti
1309 490 1484 538 faceret,
1521 489 1564 529 in

207 559 426 604 utramque
457 549 714 605 provinciam
747 550 860 603 quod
890 565 955 591 res
993 551 1248 592 desideraret
1284 551 1563 605 supplementi

207 612 392 653 decerni:
423 612 466 652 in
489 612 787 652 Macedoniam
813 612 1001 666 peditum
1026 613 1313 654 Romanorum
1339 627 1412 653 sex
1436 613 1563 661 milia,

207 674 414 715 sociorum
439 673 617 714 nominis
643 673 787 715 Latini
813 689 885 715 sex
909 674 1035 722 milia,
1062 674 1222 728 equites
1248 674 1461 715 Romanos
1487 675 1564 714 du-

207 742 349 777 centos
392 735 718 790 quinquaginta,
768 735 901 776 socios
938 743 1163 785 trecentos,
1211 743 1371 778 veteres
1413 737 1564 778 milites

208 797 371 847 dimitti,
397 798 455 838 ita
479 805 526 838 ut
549 798 593 838 in
615 798 801 852 singulas
816 798 1030 839 Romanas
1054 798 1241 853 legiones
1267 813 1319 839 ne
1344 799 1438 853 plus
1464 814 1565 840 sena

207 860 320 900 milia
345 860 546 914 peditum,
572 861 730 901 treceni
756 860 916 913 equites
942 868 1091 902 essent.
1141 860 1259 902 alteri
1285 861 1446 901 consuli
1471 861 1564 901 nul-

206 923 270 963 lus
298 929 434 963 certus
459 922 599 962 finitus
624 937 823 963 numerus
850 922 1005 963 civium
1029 923 1337 972 Romanorum,
1370 937 1496 976 quem
1522 924 1564 964 in

207 985 545 1039 supplementum
564 985 734 1039 legeret.
772 985 815 1025 id
836 985 960 1025 modo
979 985 1156 1034 finitum,
1182 992 1226 1026 ut
1249 985 1353 1026 duas
1377 986 1563 1040 legiones

207 1047 424 1095 scriberet,
449 1060 557 1099 quae
583 1047 711 1100 quina
735 1047 850 1087 milia
874 1047 1063 1101 peditum
1089 1055 1127 1088 et
1155 1048 1410 1088 ducentenos
1436 1047 1566 1088 habe-

206 1118 318 1157 rent,
345 1109 504 1161 equites
530 1115 731 1149 trecenos.
793 1107 1043 1149 Latinorum
1068 1110 1201 1150 maior
1226 1123 1354 1162 quam
1379 1110 1564 1163 collegae

207 1171 397 1212 decretus
422 1185 635 1219 numerus,
662 1170 849 1224 peditum
875 1170 1021 1211 decern
1045 1171 1159 1211 milia
1184 1178 1225 1212 et
1250 1171 1427 1212 sescenti
1448 1170 1563 1224 equi-

206 1240 281 1274 tes.
341 1239 538 1285 quattuor
567 1239 783 1286 practerea
813 1232 999 1286 legiones
1026 1233 1149 1273 scribi
1174 1232 1330 1281 iussae,
1368 1247 1496 1286 quae,
1530 1233 1564 1273 si

206 1309 289 1348 quo
315 1308 418 1348 opus
445 1300 567 1341 esset,
596 1294 884 1334 educerentur.
930 1294 1120 1335 tribunos
1146 1296 1179 1335 is
1204 1310 1288 1335 non
1313 1295 1563 1349 permissum

206 1365 252 1397 ut
288 1356 479 1397 consules
516 1356 722 1404 facerent3
767 1357 948 1410 populus
986 1357 1155 1398 creavit.
1228 1357 1349 1398 sociis
1385 1357 1564 1397 nominis

206 1418 350 1459 Latini
375 1417 589 1458 sexdecim
615 1417 729 1458 milia
754 1418 942 1472 peditum
969 1425 1009 1459 et
1032 1418 1145 1459 mille
1171 1418 1333 1472 equites
1358 1418 1562 1472 imperati.

205 1481 316 1521 hunc
342 1480 570 1521 exercitum
604 1480 741 1534 parari
767 1488 929 1520 tantum
954 1480 1130 1535 placuit,
1162 1489 1209 1521 ut
1239 1481 1388 1529 exiret,
1423 1480 1457 1521 si
1482 1495 1564 1534 quo

205 1558 270 1585 res
300 1550 502 1598 posceret.
559 1542 814 1583 Elacedonia
838 1543 1020 1584 maxime
1046 1558 1189 1584 curam
1215 1543 1457 1597 praebebat.
1522 1543 1564 1583 in

206 1607 382 1648 classem
405 1606 517 1647 mille
542 1606 641 1646 socii
666 1607 837 1647 navales
863 1607 973 1648 cives
989 1608 1169 1649 Romani
1189 1607 1370 1649 libertini
1393 1608 1563 1655 ordinis,

207 1683 258 1709 ex
289 1668 411 1708 Italia
443 1667 705 1722 [quingenti]
740 1669 864 1709 scribi
896 1669 1016 1718 iussi,
1055 1670 1229 1711 totidem
1259 1677 1306 1710 ut
1336 1686 1387 1710 ex
1421 1670 1565 1711 Sicilia

207 1730 502 1778 scriberentur,
529 1738 570 1771 et
596 1730 662 1770 0111
687 1746 736 1771 ea
761 1731 977 1785 provincia
997 1732 1204 1773 evenisset
1228 1732 1493 1780 mandatum,
1519 1740 1565 1772 ut

208 1807 277 1833 cos
298 1792 340 1832 in
355 1792 662 1840 Macedoniam,
688 1793 943 1847 ubicumque
965 1794 1108 1834 classis
1135 1802 1257 1843 esset,
1284 1794 1564 1848 deportandos

209 1861 383 1894 curaret.
443 1854 485 1893 in
516 1854 767 1908 Hispaniam
799 1855 878 1896 tria
908 1855 1022 1896 milia
1054 1856 1243 1910 peditum
1276 1855 1563 1897 Romanorum

208 1916 250 1955 in
288 1915 642 1969 supplementum,
679 1917 852 1957 trecenti
893 1917 1054 1970 equites
1091 1918 1259 1959 decreti.
1331 1917 1471 1958 finitus
1507 1918 1565 1957 ibi

210 1992 376 2030 quoque
396 1977 439 2017 in
457 1977 642 2031 legiones
663 1978 839 2018 militum
859 1994 1071 2028 numerus,
1097 1980 1284 2033 peditum
1305 1980 1433 2032 quina
1453 1979 1566 2019 milia

211 2039 361 2079 duceni
387 2047 426 2080 et
451 2039 606 2079 treceni
632 2040 806 2092 equites.
852 2048 890 2081 et
917 2041 1039 2081 sociis
1064 2041 1269 2095 imperare
1294 2048 1471 2095 praetor,
1498 2041 1565 2081 cui

211 2101 419 2155 Hispania
455 2101 711 2150 obvenisset,
749 2102 886 2142 iussus
925 2110 1122 2155 quattuor
1156 2103 1270 2143 milia
1306 2103 1495 2157 peditum
1525 2111 1566 2143 ct

211 2170 416 2204 trecentos
442 2163 615 2215 equites.

298 2224 427 2265 XIII.
465 2225 562 2265 Non
595 2240 687 2265 sum
717 2225 882 2266 nescius
914 2226 966 2266 ab
992 2226 1140 2266 eadem
1164 2226 1441 2280 neclegentia,
1467 2226 1565 2279 quia

212 2286 313 2326 nihil
339 2286 437 2327 deos
462 2287 710 2340 portendere
730 2288 857 2341 vulgo
878 2303 989 2328 nunc
1014 2289 1197 2336 credant,
1223 2303 1359 2342 neque
1384 2287 1565 2329 nuntiari

213 2348 438 2388 admodum
474 2349 559 2389 ulla
594 2349 786 2403 prodigia
816 2349 856 2389 in
894 2350 1109 2403 publicum
1145 2364 1280 2403 neque
1316 2351 1359 2391 in
1395 2351 1565 2391 annales

212 2409 369 2450 referri.
408 2417 591 2450 ceterum
618 2418 657 2450 et
682 2410 783 2450 mihi
806 2418 988 2452 vetustas
1010 2427 1074 2452 res
1100 2412 1296 2452 scribenti
1320 2412 1461 2453 nescio
1482 2427 1564 2465 quo

213 2480 334 2526 pacto
360 2472 520 2513 anticus
551 2473 596 2513 fit
621 2473 783 2513 animus
809 2480 850 2514 et
881 2474 1086 2526 quaedam
1112 2474 1257 2529 religio
1291 2482 1421 2523 tenet,
1458 2489 1565 2528 quac

212 2534 271 2574 illi
295 2534 607 2588 prudentissimi
637 2534 714 2575 viri
745 2534 912 2589 publice
938 2536 1204 2590 suscipienda
1229 2537 1484 2585 censuerint,
1516 2552 1564 2577 ea

214 2610 288 2650 pro
330 2596 512 2650 indignis
555 2596 727 2647 habere,
777 2612 884 2651 quae
926 2598 969 2639 in
1005 2613 1119 2640 meos
1164 2599 1335 2640 annales
1372 2599 1562 2640 referam.

281 2663 340 2689 Lm·
353 2663 403 2690 vol.
418 2663 461 2690 w.
1328 2664 1347 2698 7

1597 442 1606 457 )

1590 625 1607 654 3

1590 751 1608 778 4

1589 875 1607 904 ἵ)

1591 1123 1608 1151 6

1594 1867 1633 1895 10

1595 2055 1627 2082 11
