1804 2926
501 151 654 184 LIBER
678 149 885 193 ΧΧΧΧΠ,
914 150 1057 184 15-17.
1086 150 1192 192 [ac
1210 151 1292 192 172]
1522 144 1573 183 41

224 264 444 313 postquam
481 254 699 295 cadentem
736 254 896 302 videre,
935 253 1179 308 diffugiunt3
1217 254 1450 296 Pantaleon
1482 270 1578 296 con-

223 326 380 360 stanter
403 316 626 372 inpavidus
651 316 803 357 mansit
829 316 883 356 ad
906 316 1213 370 protegendum
1238 331 1394 371 regem.

305 380 431 422 XVI.
468 379 675 420 Latrones
700 394 795 419 eum
822 378 938 418 brevi
959 378 1179 419 circumitu
1203 379 1409 436 maceriae
1429 380 1577 422 decur-

220 459 310 485 rere
335 443 389 484 ad
414 442 719 484 conficiendum
751 441 940 482 saucium
965 448 1153 495 possent,
1185 442 1300 482 velut
1324 442 1508 496 perfecta
1532 458 1575 484 re

220 507 263 547 in
286 506 433 560 iugum
447 504 627 545 Parnasi
651 503 898 558 refugerunt
925 517 973 544 eo
999 518 1136 552 cursu,
1162 511 1221 552 ut,
1249 518 1344 544 cum
1364 519 1473 545 unus
1492 519 1576 545 non

219 568 341 609 facile
367 567 579 620 sequendo
611 581 687 621 per
717 566 829 606 invia
854 573 979 618 atque
1011 566 1143 606 ardua
1167 574 1400 607 moraretur
1429 567 1575 621 fugam

221 645 384 678 eorum,
411 627 504 684 [ne]
532 644 584 670 ex
610 643 840 683 conprenso
865 628 1065 668 indicium
1092 635 1322 675 emanaret,
1349 629 1577 670 occiderint

220 692 425 734 comitem.
486 691 537 732 ad
565 705 714 745 corpus
739 690 851 745 regis
876 690 1009 744 primo
1036 690 1157 730 amici
1166 721 1176 739 ,
1203 690 1353 732 deinde
1378 691 1575 732 satellites

220 769 268 796 ac
295 753 403 795 servi
428 760 746 801 concurrerunt,
778 753 970 793 tollentes
996 753 1177 806 sopitum
1202 753 1369 795 volnere
1400 767 1448 794 ac
1474 753 1575 794 nihil

220 816 479 858 sentientem.
523 816 664 856 vivere
690 823 831 856 tamen
857 830 908 856 ex
935 815 1070 856 calore
1097 823 1136 856 et
1163 815 1311 870 spiritu
1335 826 1576 857 remanente
1603 828 1619 841 ⁹

219 880 262 920 in
287 879 540 934 praecordiis
567 886 804 927 senserunt3
832 879 1041 919 victurum
1061 879 1214 933 exigua
1235 893 1282 919 ae
1307 893 1436 933 prope
1461 879 1577 920 nulla

220 958 314 997 spes
336 948 435 983 erat.
473 941 643 995 quidam
664 956 715 981 ex
738 940 985 981 satellitibus
1006 941 1137 981 secuti
1157 941 1365 981 latronum
1385 941 1574 995 vestigia,

221 1020 317 1045 cum
341 1018 474 1058 usque
501 1004 554 1043 ad
578 1003 725 1057 iugum
750 1003 928 1043 Parnasi
960 1003 1214 1055 nequiquam
1240 1002 1406 1057 fatigati
1429 1018 1576 1057 perve-

219 1067 391 1115 nissent,
416 1081 460 1106 re
486 1065 641 1106 infecta
665 1065 889 1105 redierunt.
928 1065 1115 1119 adgressi
1141 1065 1303 1105 facinus
1317 1066 1574 1106 Macedones

219 1136 265 1169 ut
283 1129 515 1169 inconsulte
535 1128 592 1168 ita
613 1128 823 1175 audacter,
850 1136 1045 1181 coeptum
1066 1142 1143 1168 nec
1163 1128 1350 1169 consulte
1373 1136 1412 1169 et
1431 1128 1574 1169 timide

218 1191 488 1244 reliquerunt.
549 1198 769 1244 conpotem
800 1190 882 1229 iam
909 1190 972 1229 sui
997 1205 1140 1244 regem
1165 1190 1286 1230 amici
1317 1198 1481 1244 postero
1508 1190 1573 1230 die

219 1253 413 1294 deferunt
449 1252 502 1292 ad
538 1267 707 1300 navem3
744 1251 840 1292 inde
868 1250 1138 1300 Corinthum,
1176 1251 1229 1291 ab
1261 1250 1464 1292 Corintho
1501 1267 1576 1306 per

219 1315 367 1355 Isthmi
392 1315 539 1368 iugum
569 1314 748 1354 navibus
780 1313 980 1353 traductis
1006 1313 1218 1367 Aeginam
1250 1314 1457 1354 traiciunt.
1517 1314 1573 1354 ibi

219 1377 322 1417 adeo
348 1384 507 1417 secreta
532 1375 619 1416 eius
642 1375 799 1416 curatio
825 1375 918 1423 fuit,
944 1375 1260 1416 admittentibus
1281 1376 1504 1424 neminem,
1530 1385 1576 1417 ut

217 1439 331 1479 fama
354 1446 567 1495 mortuum
591 1437 633 1477 in
648 1437 799 1477 Asiam
825 1437 1039 1491 perferret.
1077 1437 1247 1478 Attalus
1275 1452 1443 1490 quoque
1469 1438 1576 1479 cele-

217 1501 302 1542 rius
327 1515 455 1554 quam
480 1501 655 1555 dignum
681 1500 903 1541 concordia
927 1499 1111 1541 fraterna
1137 1509 1226 1541 erat
1251 1501 1444 1549 credidit3
1476 1517 1574 1541 nam

218 1569 258 1604 et
279 1578 373 1603 cum
393 1577 523 1603 uxore
549 1562 687 1602 fratris
714 1569 753 1602 et
778 1562 990 1616 praefecto
1016 1562 1101 1602 arci
1126 1570 1341 1616 tamquam
1366 1562 1449 1602 iam
1475 1563 1576 1603 haut

218 1625 369 1666 dubius
394 1625 515 1680 regni
540 1624 660 1666 heres
680 1632 741 1665 est
766 1624 944 1665 locutus.
983 1638 1090 1677 quae
1115 1632 1262 1679 postea
1280 1640 1363 1665 non
1389 1625 1574 1666 fefellere

220 1687 460 1737 Eumenen3
504 1695 544 1729 et
586 1701 843 1740 quamquam
886 1687 1149 1728 dissimulare
1187 1695 1227 1728 et
1271 1687 1397 1729 tacita
1431 1687 1576 1728 haberi

217 1750 304 1804 pati
328 1757 542 1799 statuerat,
569 1757 709 1790 tamen
733 1750 776 1790 in
801 1749 935 1804 primo
958 1764 1187 1804 congressu
1211 1764 1294 1790 non
1315 1751 1575 1804 temperavit,

217 1811 319 1865 quin
349 1812 490 1852 uxoris
527 1811 731 1866 petendae
761 1819 1072 1866 praematuram
1113 1811 1421 1853 festinationem
1458 1812 1576 1853 fratri

218 1874 412 1914 obiceret.
473 1873 652 1914 Romam
684 1888 850 1927 quoque
882 1873 996 1914 fama
1021 1874 1072 1915 de
1097 1882 1230 1915 morte
1256 1873 1458 1915 Eumenis
1482 1890 1576 1929 pcr-

217 1935 301 1975 lata
326 1942 400 1975 est.

304 1996 455 2037 XVII.
495 1996 586 2038 Sub
611 1997 723 2038 idem
748 2004 912 2051 tempus
934 1996 984 2038 C.
1000 1998 1195 2039 Valerius
1216 2012 1267 2038 ex
1283 1996 1476 2045 Graecia,
1503 1998 1574 2051 qui

217 2059 380 2113 legatus
406 2058 459 2098 ad
484 2058 704 2099 visendum
727 2066 881 2099 statum
910 2059 1090 2113 regionis
1117 2060 1205 2100 eius
1233 2060 1573 2113 speculandaque

221 2120 392 2161 consilia
417 2120 563 2161 Persei
593 2121 703 2175 regis
728 2121 852 2168 ierat,
878 2121 1018 2170 rediit,
1052 2121 1410 2176 congruentiaque
1436 2122 1576 2162 onmia

219 2182 462 2223 criminibus
489 2182 542 2222 ab
568 2182 759 2223 Eumene
785 2183 933 2223 adlatis
958 2183 1179 2224 referebat.
1230 2184 1353 2224 simul
1378 2190 1417 2224 et
1443 2183 1575 2224 addu—

217 2253 334 2285 xerat
361 2259 502 2285 secum
515 2244 655 2285 Praxo
681 2261 705 2285 a
724 2245 918 2299 Delphis,
945 2246 1062 2286 euius
1089 2246 1237 2286 domus
1262 2247 1574 2300 receptaculum

216 2308 426 2347 latronum
450 2306 605 2353 fuerat,
633 2315 671 2347 et
698 2307 750 2347 L.
776 2307 1018 2347 Rammium
1043 2308 1358 2356 Brundisinum,
1385 2307 1457 2361 qui
1481 2308 1575 2348 talis

217 2369 343 2409 indici
381 2370 540 2410 delator
583 2377 682 2410 erat.
757 2370 950 2424 princeps
980 2371 1181 2411 Brundisi
1217 2370 1437 2411 Rammius
1473 2371 1573 2420 fuit3

217 2431 396 2485 hospitio
432 2445 599 2484 quoque
637 2439 677 2472 et
721 2432 848 2472 duces
884 2432 1097 2473 Romanos
1135 2447 1278 2473 omnes
1316 2440 1356 2474 et
1397 2433 1572 2487 legatos,

218 2500 454 2534 exterarum
491 2507 658 2546 quoque
701 2493 888 2548 gentium
924 2494 1119 2549 insignis,
1162 2494 1385 2549 praecipue
1421 2494 1573 2548 regios,

217 2555 460 2609 accipiebat.
521 2570 573 2596 ex
598 2570 646 2596 eo
671 2556 816 2596 notitia
842 2557 879 2597 ei
910 2572 1005 2597 cum
1030 2558 1201 2598 absente
1226 2557 1383 2599 Perseo
1415 2556 1551 2597 fuerat
1561 2573 1571 2606 3

216 2616 445 2670 litterisque
474 2632 590 2672 spem
617 2618 821 2660 amicitiae
846 2619 1051 2660 interioris
1078 2634 1340 2675 magnaeque
1366 2619 1462 2659 inde
1489 2619 1572 2659 for-

1602 704 1620 732 ‘2

1602 842 1620 856 ι)

1600 953 1621 981 4

1601 1077 1619 1105 ἴ)

1601 1203 1617 1231 6

1604 1328 1619 1356 7

1599 1514 1618 1543 8

1602 1638 1618 1667 9

1601 2198 1618 2226 2

1601 2384 1619 2413 :3
