1804 2926
454 156 607 190 LIBER
630 154 838 198 XXXXH,
864 154 998 188 35—37
1026 156 1075 197 [a.
1092 153 1130 188 c.
1147 154 1230 197 171]
1466 145 1518 186 57

167 261 300 318 rogati
326 259 481 301 auxilia
495 258 718 300 Cretenses
743 257 950 299 misissent
964 282 1033 307 —,
1059 258 1269 300 Numidae
1289 258 1388 299 item
1406 258 1522 311 equi-

167 334 228 365 tes
271 321 576 377 elephantique.
646 321 689 361 in
725 335 817 361 eam
858 335 947 361 rem
988 320 1117 374 legati
1161 320 1215 361 ad
1250 320 1520 360 Masinissam

167 384 619 439 Carthaginiensesque
644 382 760 423 missi
785 383 837 423 L.
863 382 1108 423 Postumius
1134 383 1330 430 Albinus,
1357 381 1412 434 Q.
1439 381 1521 422 Te-

165 447 322 489 rentius
349 444 511 494 Culleo,
539 444 589 485 C.
616 445 819 485 Aburius.
863 445 907 485 in
933 443 1105 485 Cretam
1129 445 1228 486 item
1253 445 1414 499 legatos
1438 451 1521 485 tres

164 509 224 550 ire
249 508 424 563 placuit,
461 507 516 548 A.
541 507 809 548 Postumium
834 507 1060 557 Albinum,
1094 505 1144 549 C.
1169 507 1432 557 Decimium,
1464 507 1520 547 A.

165 571 380 612 Licinium
403 570 601 611 Nervam.

249 632 473 674 XXXVI.
509 632 595 673 Per
629 631 742 672 idem
778 639 943 686 tempus
979 631 1108 687 legati
1146 631 1199 672 ab
1234 646 1334 686 rege
1363 631 1522 673 Perseo

165 702 381 736 venerunt.
442 709 512 736 eos
542 694 585 734 in
616 694 818 749 oppidum
848 694 1066 735 intromitti
1101 708 1185 734 non
1215 693 1390 748 placuit,
1426 709 1522 735 cum

164 757 248 798 iam
279 757 436 798 bellum
466 756 556 811 regi
588 771 733 797 eorum
765 764 805 797 et
836 756 1145 797 Macedonibus
1178 763 1218 797 et
1250 764 1418 798 senatus
1451 758 1523 798 de-

165 826 319 861 cresset
333 827 373 861 et
390 819 570 874 populus
590 819 792 860 iussisset.
828 820 871 860 in
885 819 1031 860 aedem
1045 819 1248 860 Bellonae
1268 819 1311 859 in
1331 827 1522 860 senatum

164 882 389 922 introducti
412 882 470 922 ita
494 881 624 923 verba
649 882 859 923 fecerunt:
887 881 1027 922 mirari
1050 881 1208 922 Persea
1232 897 1396 936 regem,
1423 882 1523 935 quid

164 945 207 985 in
220 944 515 985 Macedoniam
541 944 748 985 exercitus
774 943 1043 998 transportati
1069 952 1225 992 essent3
1252 944 1285 984 si
1309 943 1522 998 impetrari

165 1022 190 1047 a
215 1013 363 1047 senatu
386 1014 546 1060 posset,
583 1014 630 1046 ut
661 1006 689 1046 ii
714 1015 982 1055 revocentur,
1019 1021 1162 1060 regem
1188 1006 1240 1047 de
1271 1006 1451 1055 iniuriis,
1489 1006 1523 1046 si

165 1083 269 1122 quas
301 1069 423 1109 sociis
460 1068 593 1109 factas
631 1076 923 1121 quererentur,
962 1068 1166 1109 arbitratu
1204 1076 1372 1109 senatus
1405 1068 1523 1109 satis-

164 1131 375 1171 facturum
395 1145 499 1171 esse.
539 1129 612 1184 Sp.
629 1129 838 1171 Carvilius
858 1130 911 1170 ad
936 1146 1029 1171 eam
1053 1131 1188 1185 ipsam
1209 1146 1298 1172 rem
1318 1146 1368 1172 ex
1385 1129 1519 1171 Grae-

165 1194 229 1234 cia
252 1193 450 1234 remissus
476 1192 529 1232 ab
556 1191 635 1233 Cn.
663 1192 820 1234 Sicinio
852 1193 895 1233 in
927 1202 1072 1234 senatu
1099 1200 1198 1233 erat.
1258 1193 1292 1233 is
1317 1192 1524 1233 Perrhae-

163 1255 277 1296 biam
303 1262 588 1309 expugnatam
614 1254 753 1303 armis,
781 1255 1024 1296 Thessaliae
1044 1255 1201 1307 aliquot
1221 1254 1345 1296 urbes
1367 1263 1523 1310 captas,

164 1325 301 1358 cetera
336 1332 444 1370 quae
480 1324 553 1357 aut
585 1325 728 1371 ageret
761 1325 833 1357 aut
862 1324 1027 1371 pararet
1058 1332 1151 1366 rex,
1191 1332 1286 1358 cum
1317 1326 1523 1372 argueret,

163 1380 414 1434 respondere
440 1379 493 1419 ad
519 1394 568 1420 ea
592 1379 720 1433 legati
744 1379 859 1419 iussi.
903 1387 1125 1434 postquam
1151 1379 1428 1428 haesitabant,
1453 1395 1525 1421 ne-

162 1450 311 1496 gantes
338 1441 418 1482 sibi
442 1441 551 1482 ultra
575 1441 803 1494 quicquam
828 1441 1074 1481 mandatum
1099 1456 1208 1490 esse,
1238 1441 1341 1482 iussi
1371 1457 1525 1482 renun-

163 1503 266 1544 tiare
303 1503 413 1558 regi,
458 1504 673 1544 consulem
709 1503 760 1545 P.
799 1503 1013 1545 Licinium
1049 1503 1167 1544 brevi
1204 1517 1300 1544 cum
1338 1503 1525 1544 exercitu

164 1566 355 1606 futurum
384 1566 427 1606 in
457 1565 714 1607 BIacedonia
745 1581 853 1607 esse:
893 1566 947 1606 ad
984 1582 1099 1614 eum,
1137 1565 1172 1606 si
1210 1565 1450 1607 satisfacere
1482 1566 1525 1606 in

163 1628 302 1669 animo
341 1636 463 1677 esset,
501 1628 684 1670 mitteret
719 1629 902 1683 legatos3
940 1629 1120 1670 Romam
1157 1629 1271 1681 quod
1307 1635 1523 1683 praeterea

163 1691 363 1741 mitteret,
394 1706 479 1732 non
511 1706 620 1732 esse:
658 1692 869 1733 neminem
894 1707 1038 1733 eorum
1063 1707 1137 1746 per
1161 1691 1328 1732 Italiam
1352 1692 1411 1732 ire
1436 1691 1525 1731 lici-

164 1762 317 1794 turum.
377 1753 436 1794 ita
463 1753 642 1794 dimissis
668 1754 719 1795 P.
745 1754 910 1795 Licinio
937 1754 1097 1795 consuli
1121 1754 1387 1802 mandatum,
1417 1754 1525 1794 intra

165 1815 434 1856 undecimum
460 1816 571 1857 diem
595 1816 757 1857 iuberet
783 1831 853 1857 eos
874 1817 997 1857 Italia
1022 1817 1238 1865 excedere,
1266 1824 1306 1857 et
1329 1815 1403 1871 Sp.
1421 1814 1526 1856 Car—

166 1878 313 1918 vilium
336 1878 530 1927 mitteret,
556 1879 648 1932 qui,
675 1879 808 1920 donec
831 1895 983 1920 navem
1009 1879 1361 1927 conscendissent,
1388 1887 1526 1919 custo-

166 1940 285 1981 diret.
331 1939 435 1981 haec
460 1941 622 1982 Romae
647 1949 741 1982 acta
764 1942 952 1982 nondum
977 1942 1174 1996 profectis
1199 1942 1242 1982 in
1266 1939 1525 1995 proxinciam

166 2002 422 2043 consulibus.

251 2065 343 2106 Iam
376 2064 456 2106 Cn.
483 2065 685 2116 Sicinius,
723 2066 795 2120 qui
826 2066 1071 2121 priusquam
1101 2065 1349 2120 magistratu
1380 2065 1525 2114 abiret,

166 2128 441 2168 Brundisium
466 2129 520 2169 ad
545 2129 718 2170 classem
746 2135 786 2169 et
811 2128 865 2169 ad
890 2129 1118 2169 exercitum
1143 2128 1397 2182 praemissus
1423 2136 1524 2177 erat,

167 2190 348 2231 traiectis
380 2191 423 2231 in
454 2189 633 2245 Epirum
667 2190 853 2244 quinque
884 2191 1052 2231 milibus
1089 2190 1296 2244 peditum,
1333 2190 1526 2230 trecentis

168 2253 398 2306 equitibus,
442 2254 495 2294 ad
533 2253 832 2308 Nymphaeum
875 2253 919 2293 in
956 2267 1057 2307 agro
1095 2252 1354 2306 Apolloniati
1392 2260 1527 2293 castra

167 2315 364 2355 habebat.
424 2315 521 2357 inde
547 2316 736 2356 tribunos
764 2330 859 2356 cum
885 2315 1050 2355 duobus
1075 2315 1243 2354 milibus
1269 2315 1448 2354 militum
1473 2314 1527 2354 ad

169 2377 415 2432 occupanda
450 2377 793 2418 Dassaretiorum
834 2384 874 2418 et
909 2377 1149 2431 Illyriorum
1194 2377 1382 2426 castella,
1425 2377 1526 2431 ipsis

169 2440 481 2480 accersentibus
507 2439 729 2494 praesidia,
754 2447 799 2480 ut
824 2439 997 2481 tutiores
1023 2455 1047 2480 a
1071 2439 1341 2480 finitimorum
1366 2439 1526 2493 impetu

168 2501 456 2542 Macedonum
482 2510 631 2550 essent,
657 2502 780 2543 misit.

253 2564 503 2606 XXXVII.
540 2564 695 2605 Paucis
717 2572 811 2618 post
831 2564 978 2605 diebus
998 2563 1052 2616 Q.
1068 2563 1271 2613 Marcius,
1299 2564 1354 2603 A.
1370 2563 1526 2603 Atilius

171 2634 208 2667 ct
234 2626 284 2667 P.
312 2634 352 2668 et
378 2625 552 2668 Servius
579 2624 750 2667 Corneli
776 2626 948 2667 Lentuli
974 2634 1014 2667 et
1039 2626 1092 2666 L.
1119 2625 1358 2679 Decimius,
1396 2625 1525 2680 legati

1549 833 1567 862 Ν.)

1551 1576 1568 1605 t}
