1804 2926
476 156 628 190 LIBER
652 154 881 198 xxxxm,
908 155 1007 188 emt
1037 154 1237 198 [110171]
1484 145 1537 187 89

185 262 234 303 C.
267 261 499 310 Matienus3
536 261 604 300 ille
642 259 716 314 Sp.
748 257 989 305 Postumio,
1027 257 1080 309 Q.
1113 258 1258 299 Mueio
1297 258 1536 300 consulibus

184 323 357 364 triennio
382 330 490 371 ante,
516 322 583 362 1110
609 321 774 362 biennio
800 320 928 375 prum,
954 319 1007 360 L.
1022 321 1253 369 Postumio,
1274 322 1336 362 M.
1356 322 1536 376 Popillio

184 384 423 426 consulibus
444 392 609 438 praetor
629 384 779 424 fuerat.
811 383 1068 437 gravissimis
1090 383 1331 424 criminibus
1355 383 1537 425 accusati

184 448 306 488 ambo
332 447 620 500 ampliatique3
658 461 752 486 eum
785 445 962 486 dicenda
993 446 1043 487 de
1075 446 1238 500 integro
1264 461 1391 487 causa
1416 454 1536 495 esset,

184 508 369 550 excusati
394 509 528 549 exsilii
553 524 679 549 causa
704 509 840 549 solum
871 508 1057 548 vertisse.
1116 508 1270 549 Furius
1295 508 1536 556 Praeneste,

183 571 397 611 Matienus
424 571 558 610 Tibur
582 571 797 611 exulatum
823 570 1026 610 abierunt.
1076 570 1189 611 fama
1214 578 1301 612 crat.
1325 570 1536 624 prohiberi

183 649 207 673 a
231 633 417 687 patronis
450 633 600 673 nobilis
626 647 675 673 ae
705 639 896 686 potentes
929 633 1183 686 conpellare,
1220 632 1418 685 auxitque
1445 647 1535 673 eam

183 695 462 750 suspicionem
489 694 717 735 Canuleius
742 702 927 748 praetor,
958 695 1072 747 quod
1103 694 1256 735 omissa
1281 710 1330 736 ea
1358 710 1402 736 re
1435 695 1538 736 dile-

183 765 295 797 ctum
329 757 482 798 habere
512 757 708 805 instituit,
748 756 843 796 dein
868 764 1038 810 repente
1072 756 1115 797 in
1138 756 1396 811 provinciam
1422 757 1536 806 abiit,

181 834 233 859 ne
258 819 398 873 plures
425 819 478 859 ab
505 819 706 873 Hispanis
732 829 995 859 vexarentur.
1033 818 1091 859 ita
1116 819 1347 874 praeteritis
1373 819 1535 860 silentio

184 880 449 929 oblitteratis,
486 881 529 922 in
561 881 749 921 futurum
782 881 1017 921 eonsultmn
1044 888 1183 921 tamen
1208 881 1261 921 ab
1287 888 1434 922 senatu
1459 882 1539 922 Hi-

183 943 341 996 spanis,
390 943 503 996 quod
538 943 834 997 impetrarunt,
882 958 935 983 ne
972 943 1169 983 frumenti
1207 943 1534 984 aestimationem

182 1004 450 1058 magistratus
485 1005 701 1045 Romanus
733 1005 907 1045 haberet
937 1020 1042 1045 neve
1077 1013 1245 1059 cogeret
1275 1005 1537 1046 vicensumas

183 1066 363 1107 vendere
396 1067 609 1120 Hispanos
645 1067 790 1119 quanti
826 1067 915 1121 ipse
954 1067 1080 1107 vellet
1112 1075 1151 1108 et
1181 1082 1233 1107 ne
1265 1067 1465 1121 praefecti
1496 1067 1537 1107 in

183 1127 333 1181 oppida
361 1143 437 1168 sua
461 1129 515 1169 ad
539 1129 739 1182 pecunias
765 1129 975 1183 cogendas
1001 1129 1325 1183 imponerentur.

267 1190 349 1230 ΠΙ.
381 1190 436 1231 Et
458 1191 538 1230 alia
552 1191 648 1230 novi
669 1191 834 1244 generis
854 1191 1069 1231 hominum
1089 1206 1141 1231 ex
1154 1191 1363 1246 Hispania
1382 1191 1536 1246 legatio

184 1251 309 1292 venit.
371 1267 423 1292 ex
447 1252 649 1292 militibus
674 1252 876 1292 Romanis
903 1259 943 1292 et.
975 1267 1026 1292 ex
1052 1252 1253 1306 Hispanis
1279 1253 1536 1302 mulieribus,

182 1328 278 1353 cum
304 1314 456 1366 quibus
491 1314 718 1354 conubium
742 1329 826 1354 11011
852 1322 981 1361 esset,
1018 1321 1137 1355 natos
1169 1330 1213 1356 se
1244 1324 1536 1360 memorantes,

182 1391 307 1430 supra
332 1384 528 1429 quattuor
552 1376 665 1416 milia
691 1376 908 1416 hominum
933 1376 1120 1424 orabant,
1147 1385 1194 1416 ut
1219 1377 1297 1417 sibi
1324 1378 1538 1431 oppidum,

180 1437 223 1477 in
247 1452 329 1490 quo
355 1438 604 1486 habitarent,
632 1438 812 1478 daretur.
862 1446 1030 1478 senatus
1061 1438 1258 1485 decrevit,
1285 1438 1344 1478 uti
1370 1439 1539 1479 nomina

181 1515 257 1540 sua
287 1508 388 1554 aput
418 1501 469 1541 L.
498 1499 750 1541 Canuleium
787 1501 1081 1555 profiterentur
1112 1515 1339 1553 eorumque
1371 1501 1405 1541 si
1435 1516 1539 1554 quos

180 1563 539 1604 manumisissent:
568 1578 637 1604 eos
654 1562 865 1604 Carteiam
880 1559 1167 1603 ad‘Oceanum
1183 1563 1332 1603 deduci
1353 1564 1537 1617 placere3

181 1625 253 1678 qui
280 1624 586 1667 Carteiensium
619 1626 733 1666 domi
756 1640 925 1666 manere
950 1626 1122 1674 vellent,
1160 1633 1411 1680 potestatem
1436 1626 1537 1674 fieri,

183 1694 229 1727 ut
252 1687 294 1727 in
318 1703 492 1729 numero
513 1689 756 1729 colonorum
777 1695 927 1736 essent,
955 1702 1056 1742 agro
1077 1688 1316 1742 adsignat03
1342 1688 1541 1729 Latinam

184 1764 276 1789 eam
301 1751 505 1791 coloniam
532 1766 621 1791 esse
646 1751 1020 1803 libertinorumque
1041 1750 1254 1804 appellari.

267 1810 431 1852 Eodem
457 1820 643 1866 tempore
671 1828 722 1853 ex
747 1812 896 1853 Africa
921 1820 961 1853 et
982 1811 1170 1853 Gulussa
1194 1811 1381 1866 regulus,
1406 1811 1541 1852 Masi-

183 1872 320 1912 nissae
345 1873 467 1921 filius,
492 1874 656 1927 legatus
682 1875 829 1928 patris,
855 1882 896 1915 et
923 1872 1294 1928 Carthaginienses
1320 1882 1536 1915 venerunt.

186 1934 373 1975 Gulussa
391 1936 503 1988 prior
522 1936 564 1975 in
579 1945 769 1976 senatum
789 1937 1064 1985 introductus,
1086 1944 1126 1977 et
1144 1936 1274 1976 missa
1293 1950 1401 1989 quae
1423 1943 1538 1976 erant

185 1996 239 2036 ad
265 1996 421 2037 bellum
446 1998 771 2039 Macedonicum
796 2014 820 2038 a
844 2006 961 2053 patre
987 2011 1062 2039 suo
1088 1998 1280 2051 exposuit
1305 2005 1365 2046 et,
1399 1997 1432 2037 si
1457 2012 1541 2050 qua

183 2066 400 2112 praeterea
431 2060 585 2100 vellent
615 2060 841 2113 imperare,
878 2067 1186 2114 praestaturum
1219 2059 1365 2099 merito
1395 2059 1539 2113 populi

185 2120 366 2160 Romani
391 2128 453 2161 est
484 2121 693 2175 pollicitus
721 2129 761 2163 et
786 2122 947 2161 monuit
972 2129 1110 2175 patres
1136 2121 1411 2174 conscriptos,
1442 2128 1490 2161 ut
1515 2137 1538 2161 a

186 2183 334 2223 fraude
373 2182 785 2237 Carthaginiensium
822 2191 1035 2224 caverent:
1074 2183 1216 2223 classis
1254 2197 1323 2223 eos
1360 2198 1539 2237 magnae

186 2245 396 2299 parandae
428 2245 647 2285 consilium
679 2245 856 2299 cepisse,
895 2245 1032 2299 speeie
1062 2259 1137 2298 pro
1162 2244 1363 2285 Romanis
1395 2252 1436 2285 et
1468 2244 1541 2285 ad-

186 2322 331 2347 versus
345 2306 622 2355 Macedonas3
648 2308 719 2347 ubi
741 2323 790 2348 ea
814 2315 959 2361 parata
978 2307 1261 2359 instructaque
1282 2313 1404 2355 esset,
1430 2306 1542 2361 ipso-

186 2384 279 2409 rum
315 2368 404 2409 fore
440 2369 655 2423 potestatis
693 2384 819 2423 quem
855 2369 1017 2410 hostem
1049 2376 1121 2409 aut
1154 2368 1314 2409 socium
1344 2367 1540 2411 habeant.

187 2433 293 2472 lianc
319 2431 426 2473 iniec

661 2501 682 2522 ἥ(-
854 2502 876 2523 ÷1÷
1048 2500 1070 2521 ’316

271 2556 376 2597 ΗΠ.
415 2555 445 2612 [.
463 2587 472 2596 .
488 2587 497 2596 .
514 2554 545 2611 .]
579 2556 630 2596 tis
661 2563 822 2597 tantum
855 2556 1011 2598 exstitit
1041 2571 1172 2611 pavor
1197 2555 1228 2612 [.
1248 2588 1257 2598 .
1274 2588 1283 2598 .
1299 2555 1331 2613 .]
1362 2555 1540 2610 ingressi

187 2625 334 2666 eastra,
360 2625 614 2659 ostentantes
639 2619 788 2674 capita,
816 2619 1016 2668 fecerunt,
1043 2627 1089 2660 ut
1115 2620 1149 2661 si
1168 2620 1361 2660 admotus
1381 2627 1540 2660 extem-

1563 273 1580 301 9

1567 397 1605 426 10

1565 583 1602 612 11

1564 1266 1582 1294 10
