1804 2926
232 193 316 236 220
448 199 739 236 PERIOCHAE
765 199 1030 236 LIBRORUM
1056 198 1375 235 CXVII—CXX.

232 294 353 327 tonius
378 291 506 326 consul
531 302 613 325 cum
633 291 843 335 inpotenter
862 291 1110 325 dominaretur
1129 291 1322 335 legemque
1343 290 1388 323 dc
1407 292 1591 334 permuta-

232 339 331 372 tione
350 336 620 382 provinciarum
640 348 706 381 per
724 337 796 370 vim
816 337 960 371 tulisset
974 340 1010 370 ct
1023 336 1219 371 Caesarem
1234 347 1378 380 quoque
1393 338 1591 379 petentem,

232 387 273 417 ut
292 383 362 416 sibi
382 382 555 416 adversus
575 393 807 426 percussores
828 381 997 416 avunculi
1018 382 1179 424 adesset,
1207 382 1350 426 magnis
1370 380 1510 414 iniuriis
1529 380 1593 413 ad-

232 428 397 470 fecisset,
420 428 558 461 Caesar
579 430 615 461 et
634 427 703 460 sibi
722 430 759 461 et
777 427 828 461 rei
849 427 1020 471 publicae
1034 427 1128 460 vires
1143 427 1335 461 adversum
1349 437 1431 460 eum
1443 428 1593 470 paratu-

232 486 293 507 rus
325 473 501 507 deductos
532 473 570 506 in
601 472 764 506 colonias
794 477 986 507 veteranos
1022 472 1204 507 excitavit.
1253 472 1418 517 legiones
1449 481 1593 522 quoquc

233 523 364 563 quarta
378 522 415 552 et
428 517 563 551 Martia
578 517 685 563 signa
698 517 745 551 ab
758 517 921 551 Antonio
936 518 984 551 ad
998 516 1192 552 Caesarem
1206 517 1387 559 tulerunt,
1409 515 1543 550 demde
1557 518 1595 550 et

233 564 426 608 conplures
445 563 600 597 saevitia
619 563 667 596 M.
682 563 838 606 Antoni,
858 563 994 607 passim
1014 563 1051 596 in
1070 563 1198 597 castris
1213 562 1286 595 suis
1300 561 1518 595 trucidantis
1532 560 1592 605 qui

233 610 265 643 ei
281 609 441 653 suspecti
455 616 570 651 crant,
588 608 634 642 ad
649 608 846 643 Caesarem
861 608 1099 642 desciverunt.
1132 608 1223 642 Dec.
1238 608 1386 650 Brutus,
1401 610 1442 640 ut
1455 605 1596 651 petenti

232 654 458 699 Cisalpinam
479 653 641 688 Galliam
654 653 817 687 Antonio
838 653 1049 697 obsisteret,
1071 653 1251 686 Mutinam
1266 664 1347 687 cum
1361 652 1522 687 exercitu
1535 661 1594 684 oc-

233 700 392 745 cupavit.
424 703 619 744 praeterea
632 699 833 732 discursum
847 699 1036 743 utriusque
1051 699 1165 743 partis
1178 698 1336 732 virorum
1351 698 1398 732 ad
1413 696 1594 742 accipien-

233 747 299 780 das
312 744 519 790 provincias
534 748 807 789 apparatusque
821 744 910 778 belli
922 744 1095 778 continet.

767 797 817 821 Ex
837 797 909 821 LIB.
932 796 1059 821 CXVIII.

299 836 350 870 M.
376 836 512 869 Brutus
536 835 574 868 in
600 833 762 869 Graecia
787 834 853 868 sub
878 838 1073 879 praetextu
1097 834 1151 868 rei
1176 834 1348 878 publicae
1375 836 1412 868 et
1435 831 1597 876 suscepti

233 885 362 915 eontra
376 881 425 914 M.
439 880 642 914 Antonium
656 879 744 914 belli
758 879 968 922 exercitum,
989 879 1046 913 cui
1061 880 1102 913 P.
1118 879 1290 914 Vatinius
1304 882 1491 923 praeerat,
1512 888 1594 911 cum

232 926 422 971 provincia
440 925 477 958 in
496 929 718 970 potestatem
738 936 841 959 suam
854 924 1008 969 redegit.
1047 924 1086 959 C.
1102 924 1269 968 Caesari,
1290 924 1353 967 qui
1365 923 1528 967 privatus
1541 921 1596 956 rei

232 971 405 1016 publicae
427 981 528 1004 arma
547 974 771 1014 sumpserat,
791 969 1040 1014 propraetoris
1060 968 1252 1014 imperium
1271 980 1293 1003 a
1313 971 1444 1003 senatu
1469 968 1597 1001 datum

233 1020 289 1051 est
301 1027 383 1050 cum
397 1015 651 1049 consularibus
665 1015 890 1049 ornamentis
904 1014 1170 1058 adiectumque,
1185 1018 1227 1047 ut
1240 1017 1388 1048 senator
1401 1016 1507 1047 esset.
1545 1011 1595 1045 M.

232 1061 416 1095 Antonius
434 1060 527 1095 Dec.
541 1060 696 1094 Brutum
710 1060 875 1094 Mutinae
896 1059 1058 1103 obsedit,
1079 1059 1252 1103 missique
1272 1059 1320 1093 ad
1334 1069 1417 1093 eum
1431 1069 1453 1092 a
1466 1061 1598 1092 senatu

233 1105 349 1152 legati
374 1106 418 1140 de
444 1117 536 1150 pace
560 1116 690 1150 parum
717 1105 765 1139 ad
790 1105 1068 1150 conponendam
1094 1116 1175 1139 eam
1194 1105 1401 1139 valuerunt.
1437 1102 1597 1148 populus

232 1153 419 1186 Romanus
434 1162 526 1197 saga
539 1151 704 1195 sumpsit.
730 1150 779 1184 M.
793 1150 930 1184 Brutus
943 1150 982 1184 in
994 1150 1106 1195 Epiro
1121 1149 1161 1185 C.
1175 1150 1377 1184 Antonium
1390 1152 1598 1194 praetorem

233 1209 316 1232 cum
330 1197 491 1232 exercitu
504 1195 680 1242 potestati
693 1207 781 1231 suae
796 1195 962 1230 subiecit.

768 1249 819 1273 Ex
832 1249 904 1274 ΜΒ.
921 1248 1062 1274 cxvnn.

303 1288 342 1323 C.
358 1287 566 1322 Trebonius
585 1287 623 1321 in
636 1287 727 1322 Asia
739 1287 870 1322 fraude
883 1287 926 1321 P.
940 1286 1163 1321 Dolabellae
1178 1286 1320 1321 occisus
1334 1290 1399 1321 est.
1431 1285 1478 1320 ob
1492 1285 1529 1318 id
1542 1283 1597 1318 fa-

234 1334 337 1369 cinus
355 1334 557 1368 Dolabella
581 1333 696 1367 hostis
718 1345 740 1367 a
761 1336 894 1367 senatu
916 1332 1101 1366 iudicatus
1121 1335 1187 1366 est.
1225 1343 1307 1366 cum
1327 1332 1451 1366 Pansa
1470 1331 1601 1366 consul

234 1380 329 1414 male
345 1380 518 1413 adversus
532 1378 733 1413 Antonium
747 1382 966 1423 pugnasset,
982 1379 1027 1411 A.
1043 1377 1185 1411 Hirtius
1201 1378 1328 1412 consul
1342 1388 1423 1411 cum
1437 1375 1599 1411 exercitu

235 1424 495 1469 superveniens
527 1424 619 1458 fusis
651 1424 700 1457 M.
732 1424 872 1457 Antoni
903 1423 1016 1468 copiis
1046 1423 1232 1457 fortunam
1261 1423 1451 1467 utriusque
1482 1420 1599 1466 partis

235 1470 418 1514 aequavit.
455 1469 572 1503 victus
593 1470 726 1504 deinde
747 1469 793 1503 ab
807 1469 928 1503 Hirtio
948 1473 985 1503 et
999 1468 1158 1503 Caesare
1171 1468 1356 1502 Antonius
1375 1468 1412 1501 in
1434 1466 1597 1501 Galliam

235 1515 417 1560 confugit,
440 1518 476 1549 et
496 1514 544 1547 M.
565 1514 747 1558 Lepidum
768 1525 849 1547 cum
869 1514 1092 1559 legionibus,
1119 1525 1213 1557 quae
1232 1513 1299 1547 sub
1320 1524 1363 1548 eo
1384 1516 1506 1555 erant,
1526 1511 1596 1544 sibi

235 1561 368 1603 iunxit,
395 1560 582 1603 hostisque
608 1571 630 1593 a
655 1562 787 1593 senatu
812 1570 894 1592 cum
920 1558 1088 1592 omnibus
1115 1558 1176 1602 qui
1197 1559 1294 1592 intra
1313 1557 1499 1602 praesidia
1519 1556 1596 1590 eius

235 1610 357 1640 essent
375 1605 557 1638 iudicatus
572 1608 638 1638 est.
670 1605 715 1637 A.
730 1603 889 1647 Hirtius,
912 1604 973 1648 qui
986 1607 1070 1648 post
1083 1603 1272 1637 victoriam
1287 1603 1322 1636 in
1337 1603 1424 1647 ipsis
1438 1601 1598 1636 hostium

235 1651 365 1685 castris
384 1650 585 1693 ceciderat,
607 1653 643 1683 et
657 1648 697 1683 C.
711 1649 836 1683 Pansa
856 1660 899 1683 ex
918 1649 1087 1691 vulnere,
1109 1648 1206 1692 quod
1226 1648 1263 1681 in
1284 1649 1435 1682 adverso
1456 1647 1597 1691 proelio

235 1699 447 1740 exceperat,
475 1694 671 1729 defunctus
695 1694 732 1728 in
759 1705 888 1739 campo
914 1694 1048 1728 Martio
1076 1694 1211 1738 sepulti
1230 1697 1325 1727 sunt.
1363 1693 1535 1727 adversus
1557 1691 1596 1726 C.

236 1742 450 1784 Caesarem,
473 1740 534 1784 qui
554 1740 652 1773 solus
666 1751 708 1774 ex
722 1739 839 1773 tribus
854 1739 1008 1773 ducibus
1022 1742 1228 1783 supererat,
1249 1750 1379 1783 parum
1400 1742 1528 1784 gratus
1542 1748 1597 1771 se-

234 1791 343 1821 natus
362 1786 449 1829 fuit,
473 1785 534 1830 qui
552 1785 643 1819 Dee.
664 1785 779 1818 Bruto
800 1784 990 1819 obsidione
1010 1784 1208 1818 Mutinensi
1228 1796 1249 1818 a
1264 1783 1422 1818 Caesare
1440 1783 1597 1817 liberato

234 1831 409 1876 triumphi
427 1832 564 1865 honore
583 1831 731 1865 decreto
747 1829 916 1865 Caesaris
935 1829 1165 1874 militumque
1186 1829 1263 1863 eius
1283 1829 1504 1863 mentionem
1524 1838 1599 1862 non

236 1877 324 1911 satis
344 1880 488 1922 gratam
506 1876 647 1910 habuit.
684 1875 730 1909 ob
752 1886 845 1919 quae
861 1876 900 1909 C.
916 1874 1071 1918 Caesar,
1093 1874 1332 1908 reconciliata
1344 1885 1410 1918 per
1424 1873 1472 1907 M.
1487 1873 1598 1917 Lepi-

236 1923 321 1956 dum
335 1934 416 1956 cum
430 1922 478 1954 M.
493 1921 654 1955 Antonio
670 1921 802 1966 gratia,
818 1921 973 1954 Romam
988 1931 1069 1953 cum
1084 1920 1246 1954 exercitu
1258 1919 1359 1953 venit
1373 1923 1409 1953 et
1422 1919 1599 1963 perculsis

236 1968 397 2001 adventu
418 1967 495 2001 eius
516 1966 585 2008 eis,
607 1967 668 2010 qui
688 1967 726 1999 in
746 1977 829 2000 eum
848 1965 965 2010 iniqui
979 1968 1100 2010 erant,
1122 1976 1204 1999 cum
1218 1975 1333 1999 annos
1347 1964 1599 2000 novemdecim

235 2013 401 2057 haberet,
417 2011 545 2047 consul
559 2015 704 2046 creatus
721 2014 786 2045 est.

798 2065 850 2089 Ex
863 2064 937 2090 LIB.
953 2063 1036 2089 cxx.

304 2103 344 2138 C.
359 2103 497 2138 Caesar
511 2102 637 2137 consul
650 2103 772 2148 legem
784 2102 870 2136 tulit
885 2103 929 2136 de
945 2102 1159 2147 quaestione
1173 2101 1348 2136 habenda
1362 2100 1399 2135 in
1413 2112 1486 2144 eOS,
1510 2111 1598 2145 quo-

236 2161 315 2183 rum
330 2160 442 2193 opera
455 2148 592 2182 Caesar
605 2152 712 2192 pater
726 2147 868 2182 occisus
882 2152 995 2191 esset,
1017 2147 1265 2192 postulatique
1286 2157 1331 2181 ea
1343 2146 1426 2192 lege
1441 2146 1490 2179 M.
1504 2146 1596 2179 Bru-

236 2198 305 2238 tus,
322 2194 361 2228 C.
377 2193 536 2237 Cassius,
551 2193 643 2228 Dec.
658 2193 794 2227 Brutus
808 2193 979 2227 absentes
994 2193 1159 2227 damnati
1173 2196 1267 2225 sunt.
1300 2204 1382 2226 cum
1395 2191 1444 2225 M.
1459 2191 1599 2225 Antoni

236 2240 330 2274 vires
349 2239 499 2273 Asinius
521 2250 665 2283 quoque
684 2239 805 2273 Pollio
825 2242 862 2273 et
880 2238 1068 2272 Mimatius
1088 2238 1248 2272 Plancus
1274 2248 1355 2271 cum
1380 2236 1599 2271 exercitibus

237 2285 310 2318 suis
332 2285 495 2319 adiuncti
510 2285 766 2329 ampliassent,
790 2284 879 2318 Dec.
895 2284 1048 2325 Brutus,
1071 2284 1129 2317 cui
1144 2286 1292 2317 senatus
1306 2286 1347 2316 ut
1359 2293 1597 2327 persequere-

236 2335 294 2364 tur
313 2330 515 2364 Antonium
539 2330 798 2373 mandaverat,
824 2329 974 2363 relictus
995 2340 1017 2363 a
1035 2328 1243 2374 legionibus
1268 2328 1341 2361 suis
1361 2327 1597 2372 profugisset,

238 2376 337 2409 iussu
356 2375 511 2418 Antoni,
533 2376 571 2409 in
591 2375 694 2409 cuius
708 2378 931 2420 potestatem
948 2378 1116 2417 venerat,
1141 2374 1300 2420 (caesus)
1322 2384 1344 2406 a
1363 2373 1513 2418 Capeno
1535 2372 1598 2407 Se-

238 2432 358 2465 quano
384 2420 599 2455 interfectus
625 2424 690 2454 cst.
729 2420 768 2454 C.
795 2420 933 2454 Caesar
956 2431 1086 2465 pacem
1112 2430 1194 2453 cum
1212 2419 1374 2452 Antonio
1400 2422 1437 2453 et
1456 2418 1600 2463 Lepido

237 2467 341 2509 feeit,
369 2466 420 2500 ita
440 2470 479 2499 ut
497 2465 639 2500 tresviri
660 2465 713 2500 rei
732 2465 903 2510 publicae
925 2465 1204 2499 constituendae
1225 2475 1291 2508 per
1310 2464 1600 2508 quinquennium

239 2515 359 2545 essent
373 2511 450 2555 ipse
466 2515 502 2545 ct
514 2511 678 2555 Lepidus
693 2516 729 2545 et
742 2511 943 2553 Antonius,
966 2514 1003 2545 et
1015 2514 1055 2544 ut
1069 2521 1153 2544 suos
1168 2510 1322 2554 quisque
1336 2509 1500 2543 inimicos
1514 2519 1597 2553 pro-

239 2557 449 2590 scriberent.
486 2556 524 2590 in
551 2568 624 2601 qua
642 2556 908 2600 proscriptione
927 2555 1073 2600 plurimi
1095 2555 1236 2599 equites
1254 2554 1430 2596 Romani,
1452 2558 1598 2588 centum

238 2602 281 2634 tri
287 2602 391 2646 ginta
405 2606 614 2635 senatorum
628 2601 776 2635 nomina
788 2601 949 2644 fuerunt,
970 2605 1007 2635 et
1025 2601 1121 2635 inter
1133 2612 1196 2635 eos
1209 2600 1252 2633 L.
1268 2600 1388 2643 Pauli,
1409 2599 1533 2633 fratris
1547 2597 1597 2631 M.

240 2646 389 2690 Lepidi,
416 2650 453 2680 et
478 2647 521 2679 L.
543 2646 729 2689 Caesaris,
756 2646 894 2679 Antoni
915 2645 1103 2687 avunculi,
1131 2649 1168 2679 et
1186 2645 1234 2678 M.
1257 2643 1454 2679 Ciceronis.
1491 2643 1598 2677 huius

240 2691 349 2725 occisi
370 2702 391 2724 a
410 2690 568 2735 Popillio
594 2691 800 2736 legionario
825 2691 958 2734 milite,
986 2702 1067 2725 cum
1092 2690 1246 2724 haberet
1271 2700 1386 2723 annos
1405 2687 1598 2736 sexaginta
