1804 2926
195 206 278 247 206
418 214 709 250 PERIOCHAE
733 214 1000 251 LIBRORUM
1025 214 1334 250 LXI—LXVII.

194 306 395 350 prehensus
413 305 569 339 Romam
594 304 810 340 mitteretur.
845 305 1069 352 Allobroges
1093 305 1130 339 in
1156 305 1379 340 deditionem
1402 307 1554 352 recepti.

194 351 237 384 L.
260 350 425 395 Opimius
451 355 644 384 accusatus
669 355 758 395 aput
781 351 955 395 populum
983 363 1005 385 a
1031 351 1073 392 Q.
1099 351 1216 385 Decio
1247 351 1394 385 tribuno
1420 353 1552 397 plebis,

195 396 292 440 quod
306 396 536 430 indemnatos
550 395 647 430 cives
660 395 698 430 in
712 407 895 430 carcerem
909 396 1136 441 coniecisset,
1152 396 1343 430 absolutus
1357 401 1422 432 est.

749 450 799 473 Ex
818 450 889 474 Llss.
911 450 998 474 an.

263 486 305 526 Q.
327 486 487 520 Marcius
508 486 636 520 consul
657 486 809 532 Stynos,
831 493 978 532 gentem
998 487 1190 532 Alpinam,
1213 487 1448 533 expugnavit.
1485 487 1553 522 Mi-

193 531 295 575 cipsa
309 531 504 566 Numidiae
519 544 581 566 rex
594 536 756 565 mortuus
770 544 925 577 regnum
939 533 1054 567 tribus
1069 532 1155 566 filiis
1168 533 1328 577 reliquit,
1344 533 1552 577 Atherbali,

193 577 411 621 Hiempsali,
427 577 642 623 Iugurthae,
658 577 780 611 fratris
795 578 882 621 filio,
899 588 1006 622 quem
1022 579 1274 622 adoptaverat.
1310 578 1354 611 L.
1370 578 1553 613 Caecilius

193 622 364 656 Metellus
383 622 578 656 Dalmatas
598 623 755 663 subegit.
792 623 974 668 Iugurtha
993 623 1244 668 Hiempsalem
1269 623 1420 658 fratrem
1446 624 1554 668 petiit

195 667 302 710 bello,
319 679 427 712 quem
441 668 575 701 victum
590 667 743 708 occidit;
767 668 1008 703 Atherbalem
1022 680 1136 713 regno
1151 669 1301 713 expulit.
1342 669 1371 702 is
1387 680 1408 703 a
1422 672 1554 703 senatu

192 713 381 746 restitutus
407 716 472 746 est.
509 713 553 746 L.
574 713 757 747 Caecilius
776 713 963 756 Metellus,
991 713 1056 748 Cn.
1077 714 1262 747 Domitius
1281 714 1552 748 Ahenobarbus

192 769 361 792 censores
375 758 465 791 duos
480 762 516 791 et
529 758 681 803 triginta
695 762 826 792 senatu
838 763 1039 792 moverunt.
1076 763 1270 803 praeterea
1289 765 1406 793 motus
1422 758 1551 804 Syriae

191 814 392 848 regumque
408 803 582 837 continet.

741 850 792 875 Ex
811 850 883 874 ΜΒ.
904 850 1007 874 Lxm.

259 892 299 926 C.
314 892 467 926 Porcius
487 892 614 926 consul
633 892 670 926 in
685 892 848 926 Thracia
865 893 961 927 male
982 893 1155 927 adversus
1177 893 1389 928 Scordiscos
1408 905 1551 940 pugna—

190 937 252 970 vit.
290 937 443 971 lustrum
461 949 483 971 a
502 937 714 971 censoribus
736 938 922 971 conditum
944 942 1015 971 est:
1043 945 1153 972 censa
1173 942 1258 971 sunt
1278 939 1408 972 civium
1429 940 1553 983 capita

190 986 358 1016 trecenta
376 982 580 1027 nonaginta
598 986 772 1025 quattuor
789 982 890 1016 milia
908 987 1074 1016 trecenta
1092 983 1246 1027 triginta
1269 994 1342 1017 sex.
1378 984 1550 1027 Aemilia,

191 1027 353 1067 Licinia,
381 1027 538 1070 Marcia,
566 1027 725 1071 virgines
744 1027 934 1070 Vestales,
957 1027 1085 1061 incesti
1105 1028 1301 1062 damnatae
1321 1032 1421 1072 sunt,
1442 1028 1553 1073 idque

191 1073 370 1106 incestum
391 1083 498 1116 quem
519 1072 567 1106 ad
585 1073 731 1105 modum
752 1076 790 1106 et
808 1073 1039 1106 commissum
1059 1078 1095 1107 et
1109 1073 1376 1117 deprehensum
1391 1078 1426 1107 et
1439 1075 1553 1108 vindi-

193 1122 317 1152 catum
338 1117 386 1151 sit
408 1118 577 1152 refertur.
615 1117 769 1160 Cimbri,
790 1129 881 1163 gens
900 1129 1012 1163 vaga,
1034 1118 1288 1162 populabundi
1307 1119 1345 1152 in
1364 1119 1553 1164 Illyricum

190 1167 385 1206 venerunt,
412 1163 458 1197 ab
484 1163 539 1196 his
563 1163 736 1207 Papirius
763 1162 884 1197 Carbo
909 1163 1037 1197 consul
1063 1175 1145 1197 eum
1172 1164 1330 1198 exercitu
1358 1164 1460 1198 fusus
1485 1169 1550 1199 est.

190 1208 316 1242 Livius
336 1208 478 1241 Drusus
497 1208 625 1242 consul
645 1209 818 1242 adversus
839 1208 1068 1252 Scordiscos,
1091 1212 1241 1254 gentem
1255 1220 1277 1243 a
1291 1208 1411 1244 Gallis
1432 1209 1551 1244 oriun-

191 1254 286 1298 dam,
302 1254 339 1287 in
353 1253 515 1288 Thracia
526 1253 684 1288 feliciter
696 1253 886 1299 pugnavit.

731 1307 784 1331 Ex
802 1307 875 1330 ΜΒ.
895 1307 1012 1331 ann.

258 1344 442 1379 Atherbal
459 1344 558 1379 bello
578 1344 715 1388 petitus
732 1344 778 1378 ab
792 1344 973 1389 Iugurtha
987 1348 1024 1378 et
1038 1344 1074 1377 in
1089 1344 1225 1388 oppido
1240 1344 1368 1379 Cirtha
1382 1345 1552 1380 obsessus

190 1394 318 1424 contra
336 1390 652 1424 denuntiationem
671 1394 820 1424 senatus
842 1390 888 1423 ab
909 1401 951 1424 eo
973 1390 1113 1424 occisus
1129 1394 1200 1433 est,
1223 1394 1259 1424 et
1273 1390 1319 1424 ob
1332 1391 1401 1425 hoc
1414 1391 1552 1425 bellum

190 1435 392 1480 Iugurthae
419 1435 615 1478 indictum,
640 1435 750 1479 idque
777 1435 997 1479 Calpurnius
1022 1435 1151 1469 Bestia
1175 1435 1302 1468 consul
1327 1447 1455 1481 gerere
1480 1436 1550 1469 ius-

189 1492 250 1513 sus
270 1492 400 1525 pacem
418 1491 500 1514 cum
518 1480 701 1524 Iugurtha
720 1480 859 1513 iniussu
877 1480 1003 1524 populi
1019 1484 1055 1514 et
1068 1484 1217 1514 senatus
1236 1480 1335 1514 fecit.
1371 1481 1553 1526 Iugurtha.

189 1524 262 1559 fide
282 1525 432 1569 publica
452 1530 624 1559 evocatus
645 1525 693 1558 ad
712 1525 928 1558 indicandos
949 1530 1117 1558 auctores
1138 1525 1371 1559 consiliorum
1392 1537 1549 1568 suorum,

189 1571 287 1614 quod
306 1571 440 1604 multos
458 1570 615 1614 pecunia
634 1570 671 1602 in
692 1574 821 1603 senatu
842 1570 1045 1614 corrupisse
1060 1570 1262 1613 dicebatur,
1284 1570 1439 1604 Romam
1451 1571 1552 1605 venit

189 1619 226 1649 et
250 1619 400 1659 propter
425 1615 577 1649 caedem
603 1614 801 1648 admissam
826 1614 861 1648 in
885 1615 1055 1659 regulum
1081 1615 1266 1658 quendam
1286 1616 1432 1649 nomine
1452 1615 1549 1649 Mas-

189 1660 320 1703 sivam,
343 1661 404 1704 qui
422 1671 577 1705 regnum
596 1660 672 1693 eius
693 1660 828 1703 populo
849 1660 1015 1693 Romano
1034 1660 1142 1693 invisi
1162 1660 1376 1694 adfectabat
1395 1661 1549 1705 (Romae

187 1705 449 1748 interfectum),
472 1717 552 1739 cuni
566 1705 838 1749 periclitaretur
851 1716 998 1739 causam
1014 1705 1144 1749 capitis
1159 1705 1296 1749 dicere,
1319 1706 1413 1739 clam
1427 1706 1550 1750 profu—

188 1751 260 1795 git,
283 1754 320 1785 et
339 1751 472 1784 cedens
492 1750 581 1784 urbe
602 1750 717 1784 fertur
736 1750 868 1784 dixisse
889 1754 927 1783 ‘o
946 1750 1073 1783 urbem
1092 1750 1262 1784 venalem
1277 1756 1313 1784 et
1327 1751 1398 1784 cito
1413 1752 1548 1796 peritu-

188 1807 283 1838 ram,
315 1796 346 1828 si
370 1800 570 1839 emptorem
599 1795 824 1829 inveneritl‘.
874 1796 919 1828 A.
946 1795 1156 1829 Postumius
1182 1796 1328 1841 legatus
1354 1796 1551 1831 infeliciter

187 1841 327 1885 proelio
354 1841 527 1875 adversus
548 1841 766 1885 Iugurtham
791 1844 896 1885 gesto
920 1852 1052 1884 pacem
1078 1852 1222 1884 quoque
1243 1841 1379 1875 adiecit
1397 1841 1549 1886 ignomi-

187 1886 340 1930 niosam,
357 1897 466 1930 quam
479 1897 552 1919 non
566 1896 645 1920 esse
660 1887 878 1919 servandam
892 1890 1041 1920 senatus
1055 1887 1209 1920 censuit.

742 1938 791 1961 Ex
812 1938 884 1962 ΜΒ.
905 1938 992 1962 va.

257 1975 300 2017 Q.
322 1975 505 2010 Caecilius
526 1975 697 2010 Metellus
725 1976 852 2009 consul
879 1975 1022 2009 duobus
1046 1975 1197 2019 proeliis
1217 1975 1433 2020 Iugurtham
1455 1976 1552 2010 fudit

186 2024 375 2066 totamque
400 2020 611 2055 Numidiam
635 2020 803 2054 vastavit.
841 2020 890 2053 M.
911 2020 1039 2054 Iunius
1061 2020 1208 2054 Silanus
1227 2021 1356 2055 consul
1376 2021 1551 2056 adversus

188 2066 353 2101 Cimbros
368 2066 565 2100 infeliciter
578 2065 769 2111 pugnavit.
796 2066 929 2111 legatis
945 2065 1173 2100 Cimbrorum
1188 2066 1310 2100 sedem
1328 2069 1397 2100 eta
1446 2077 1496 2110 os,
1513 2066 1551 2100 in

188 2112 319 2155 quibus
345 2111 597 2153 considerent,
624 2111 899 2155 postulantibus
925 2115 1075 2145 senatus
1098 2111 1261 2156 negavit.
1297 2110 1346 2144 M.
1367 2111 1388 2144 Β
1409 2112 1550 2145 inucius

187 2156 384 2201 proconsul
404 2156 579 2190 adversus
593 2156 760 2190 Thracas
779 2167 954 2201 prospere
973 2156 1165 2201 pugnavit.
1202 2155 1247 2189 L.
1262 2155 1410 2190 Cassius
1423 2157 1551 2190 consul

188 2214 211 2236 a
225 2201 413 2247 Tigurinis
429 2201 560 2244 Gallis,
574 2212 674 2247 pago
691 2201 962 2244 Helvetiorum,
979 2202 1041 2245 qui
1055 2213 1076 2235 a
1090 2201 1237 2235 civitate
1252 2205 1497 2245 secesserant,
1513 2201 1551 2235 in

187 2246 321 2281 finibus
346 2246 606 2292 Nitiobrogum
631 2258 713 2279 cum
740 2246 901 2281 exercitu
926 2257 1056 2280 caesus
1082 2249 1149 2280 est.
1191 2245 1325 2280 milites
1351 2247 1412 2290 qui
1437 2257 1481 2280 ex
1507 2257 1552 2280 ea

188 2293 293 2326 clade
308 2296 584 2336 superaverant,
600 2291 790 2325 obsidibus
804 2292 899 2325 datis
915 2295 952 2324 ct
965 2291 1116 2324 dimidia
1128 2302 1248 2324 rerum
1262 2291 1549 2337 omniumparte,

188 2342 229 2371 ut
242 2338 441 2372 incolumes
456 2337 738 2380 dimitterentur,
754 2348 836 2370 cum
850 2337 1018 2370 hostibus
1030 2336 1133 2381 pacti
1149 2340 1245 2370 sunt.

737 2390 788 2414 EX
807 2390 880 2414 111ss.
901 2389 1002 2414 LXVI.

256 2428 436 2473 Iugurtha
455 2423 581 2472 pulsus
602 2439 624 2462 a
638 2427 677 2461 C.
691 2427 810 2461 Mario
826 2427 1017 2470 Numidia,
1039 2439 1119 2461 cum
1142 2427 1276 2461 auxilio
1295 2426 1433 2461 Bocchi
1446 2427 1551 2462 Mau-

187 2483 308 2507 rorum
332 2474 430 2519 regis
455 2473 602 2506 adiutus
629 2478 742 2515 essct,
777 2472 895 2506 caesis
920 2472 1060 2517 proelio
1085 2472 1225 2506 Bocchi
1250 2483 1395 2517 quoque
1421 2483 1462 2507 co
1492 2473 1547 2516 iis,

187 2518 334 2552 nolente
342 2518 490 2552 Boccho
505 2518 643 2552 bellum
657 2517 854 2551 infeliciter
867 2521 1077 2562 susceptum
1092 2517 1227 2551 diutius
1237 2518 1416 2552 sustinere
1424 2528 1468 2551 vo
1485 2517 1549 2551 uit.

187 2563 330 2596 vinctus
351 2563 396 2595 ab
418 2574 460 2596 eo
481 2567 518 2597 et
538 2563 654 2596 Mario
674 2563 832 2596 traditus
853 2566 925 2605 est,
952 2562 990 2596 in
1009 2574 1082 2607 qua
1100 2574 1139 2598 re
1157 2563 1360 2608 praecipua
1379 2573 1492 2608 opera
1503 2562 1547 2595 L.

189 2607 334 2642 Corneli
349 2606 485 2651 Syllae,
502 2607 706 2652 quaestoris
721 2607 761 2642 C.
776 2607 882 2651 Mari,
898 2608 978 2641 fuit.

725 2660 779 2685 Ex
802 2661 875 2685 Lm.
895 2660 1012 2686 van.

255 2696 305 2730 M.
319 2697 491 2731 Aurelius
513 2698 688 2741 Scaurus,
709 2698 855 2743 legatus
875 2698 1054 2741 consulis,
1076 2709 1098 2732 a
1111 2697 1268 2732 Cimbris
1286 2697 1368 2732 fuso
1388 2695 1547 2732 exercitu
