1804 2926
473 164 627 198 LIBER
650 163 839 206 XXXXI,
866 163 896 196 7.
917 164 949 196 8.
978 166 1026 206 [a.
1041 163 1080 197 C.
1096 164 1172 197 178.
1190 165 1269 207 177]
1525 156 1547 195 7

198 269 385 311 eiusdem
405 266 586 321 regionis
602 266 804 320 Hispanis
825 266 1108 320 triumphavit.
1147 267 1426 322 qnadraginta
1441 268 1555 307 milia

198 331 337 386 pondo
363 329 525 384 argenti
546 327 612 368 Ti.
631 328 850 370 Gracchus
878 329 1103 378 transtulit,
1129 329 1277 384 viginti
1302 330 1416 370 milia
1434 329 1557 370 Albi-

197 392 289 433 nus.
348 391 548 432 militibus
587 390 779 431 denarios
816 390 965 444 quinos
999 390 1189 440 vicenos,
1227 391 1382 447 duplex
1413 399 1557 433 centu-
1582 405 1600 435 3

197 454 322 503 rioui,
360 454 510 508 triplex
542 453 672 506 equiti
703 453 827 493 ambo
862 453 1112 503 diviserunt,
1150 454 1270 495 sociis
1295 454 1555 495 tantumdem

197 524 399 570 quantum
424 515 639 557 Romanis.

280 579 366 619 Per
397 578 566 619 eosdem
596 578 703 618 forte
735 577 822 618 dies
854 576 918 617 M.
951 577 1098 618 Iunius
1129 579 1274 619 consul
1306 594 1358 619 cx
1394 577 1555 618 Histria
1581 591 1600 620 4

197 641 459 682 comitiorum
496 655 623 681 causa
653 640 834 680 Romam
871 640 997 681 venit.
1063 655 1159 681 eum
1198 654 1293 681 cum
1330 641 1373 681 in
1409 648 1555 682 senatu
1582 654 1601 681 5

197 703 444 757 fatIgassent
478 702 874 757 interrogationibus
918 703 1074 743 tribuni
1110 702 1244 757 plebis
1282 703 1478 757 Papirius
1516 711 1557 744 et

198 765 389 806 Licinius
416 765 467 806 de
488 765 565 812 his,
591 779 700 818 quae
724 764 767 804 in
782 764 944 805 Histria
964 772 1102 806 essent
1124 772 1230 813 acta,
1256 765 1299 806 in
1321 765 1556 806 contionem

196 842 364 881 quoqne
394 828 694 882 produxerunt.
756 827 808 867 ad
839 841 947 880 quae
979 842 1074 868 eum
1107 828 1251 868 consul
1284 843 1327 868 se
1354 828 1441 868 dies
1472 842 1556 868 non
1582 839 1600 869 6

197 891 291 944 plus
317 889 513 931 undecim
538 889 581 929 in
607 904 656 930 ea
680 889 897 943 provinc-ia
922 890 1052 931 fuisse
1072 890 1356 944 responderet,
1383 905 1490 943 quac
1511 905 1554 930 se

198 952 369 992 absente
396 960 488 992 acta
514 958 671 998 essent,
703 966 746 992 se
772 966 958 1004 quoque,
990 959 1036 992 ut
1061 952 1172 1000 illos,
1204 952 1319 992 fama
1344 960 1556 1006 comperta

198 1014 372 1063 habere,
408 1013 745 1066 exsequebantur
776 1014 925 1055 deinde
956 1022 1226 1067 quaerentes,
1259 1015 1360 1067 quid
1390 1015 1447 1055 ita
1472 1029 1554 1054 non
1582 1027 1598 1055 7

198 1077 335 1130 potius
361 1076 617 1116 A.Manlius
639 1076 819 1117 Romam
844 1077 1039 1125 venisset,
1066 1084 1109 1117 ut
1136 1077 1338 1117 rationein
1364 1078 1557 1118 redderet

199 1139 355 1193 populo
381 1139 591 1187 Romano,
625 1153 698 1179 cur
724 1154 775 1179 ex
802 1137 944 1179 Gallia
968 1139 1202 1193 provincia,
1234 1154 1361 1192 quam
1387 1139 1555 1179 sortitus

199 1208 326 1248 esset,
359 1201 401 1240 111
427 1200 630 1240 Histriam
663 1201 898 1249 transisset,
929 1202 1097 1254 quando
1130 1202 1171 1241 id
1205 1201 1360 1242 bellum
1386 1208 1555 1242 senatus
1581 1214 1600 1242 ὅ

198 1263 462 1310 decrevisset,
489 1263 657 1315 quando
677 1263 720 1302 id
739 1263 895 1303 bellum
914 1264 1096 1317 populus
1111 1263 1327 1304 Romanus
1353 1264 1552 1304 iussisset.

197 1333 240 1366 at
275 1325 442 1365 hercule
485 1324 647 1378 privato
685 1324 855 1377 quidem
898 1324 1069 1365 consilio
1115 1324 1273 1365 bellum
1316 1334 1556 1380 susceptum

198 1402 307 1435 csse,
346 1387 419 1427 sed
455 1395 621 1439 gestum
658 1386 886 1440 prudenter
922 1387 1182 1439 fortiterque.
1250 1386 1378 1427 immo
1415 1395 1553 1427 utrum
1582 1400 1600 1428 9

197 1457 438 1503 susceptum
464 1448 516 1487 sit
540 1449 718 1501 nequius
752 1464 805 1488 an
835 1448 1110 1488 inconsultius
1142 1456 1328 1502 gestum,
1366 1449 1447 1489 diei
1472 1464 1555 1489 non

197 1526 333 1566 posse.
383 1511 581 1551 stationes
608 1511 713 1551 duas
738 1511 1036 1565 necopinantes
1063 1511 1115 1551 ab
1137 1511 1294 1551 Histris
1320 1526 1554 1565 oppressas,

198 1581 333 1614 castra
358 1574 549 1614 Romana
581 1582 722 1628 capta,
759 1573 872 1626 quod
904 1574 1112 1628 peditum,
1150 1574 1263 1627 quod
1295 1574 1483 1626 equitum
1514 1574 1556 1614 in

198 1636 342 1677 castris
379 1636 517 1676 fuerit.
589 1644 748 1676 ceteros
790 1636 969 1676 inermes
1013 1636 1233 1689 fusosque,
1278 1644 1374 1677 antc
1411 1651 1555 1676 omnes
1584 1649 1624 1677 11)

198 1699 410 1739 consulem
440 1698 597 1752 ipsum,
636 1698 688 1738 ad
720 1713 834 1739 marc
867 1713 916 1739 ac
946 1713 1075 1739 naves
1108 1698 1280 1752 fugisse.
1346 1698 1556 1752 privatum

196 1760 400 1801 rationem
425 1760 686 1801 redditurum
717 1776 860 1802 earum
886 1776 1024 1801 rerum
1052 1776 1162 1810 csse,
1188 1761 1386 1814 quoniam
1412 1761 1555 1802 consul

197 1822 410 1862 noluisset.

282 1885 407 1925 VIH.
455 1883 637 1925 Comitia
680 1885 830 1926 deinde
873 1885 1029 1926 habita.
1103 1885 1295 1926 consules
1340 1885 1468 1926 creati
1506 1884 1554 1925 C.
1584 1897 1599 1925 1

201 1945 405 1986 Claudius
431 1946 628 1994 Pulcher,
654 1947 719 1987 Ti.
737 1946 1011 2001 Sempronius
1039 1946 1271 1988 Gracchus.
1326 1955 1364 1988 et
1390 1956 1556 2001 postero

200 2008 265 2048 die
291 2015 502 2062 praetores
529 2008 628 2048 sacti
649 2008 699 2048 P.
714 2009 862 2049 Aelius
877 2009 1046 2049 Tubero
1072 2009 1237 2055 iterum,
1265 2007 1314 2049 C.
1331 2008 1555 2059 Quinctius

200 2070 483 2118 Flamininus,
512 2070 561 2110 C.
588 2071 826 2117 Numisius,
858 2072 911 2111 L.
937 2072 1191 2120 RIummius,
1226 2070 1305 2111 Cn.
1335 2069 1555 2112 Cornelius

202 2131 364 2186 Scipio,
399 2131 448 2172 C.
474 2132 670 2174 Valerius
696 2132 925 2173 Laevinus.
991 2133 1205 2173 Tuberoni
1238 2133 1399 2173 urbana
1435 2132 1557 2173 iuris-
1583 2143 1601 2172 2

201 2194 339 2241 dictio,
366 2193 566 2245 Quinctio
592 2195 812 2248 peregrina
838 2195 988 2243 evenit,
1014 2194 1206 2235 Numisio
1230 2194 1386 2243 Sicilia,
1412 2195 1556 2235 blum-

200 2257 284 2296 mio
317 2256 531 2304 Sardiniag
569 2257 642 2297 scd
677 2272 727 2297 ea
763 2265 932 2311 propter
970 2257 1066 2298 belli
1098 2257 1429 2312 magnitudinem
1460 2272 1557 2311 pro-

200 2318 338 2358 vincia
364 2318 592 2359 consularis
618 2319 742 2359 facta.
789 2318 1007 2360 Gracchus
1028 2334 1121 2360 cam
1143 2319 1324 2367 sortitur,
1352 2319 1556 2359 Histriam
1583 2330 1601 2359 3

204 2379 420 2422 Claudius.
484 2380 626 2434 Scipio
660 2388 701 2422 et,
725 2381 939 2422 Laevinus
967 2380 1150 2423 Galliam
1181 2382 1224 2422 in
1250 2382 1354 2422 duas
1380 2382 1556 2422 divisam

202 2442 438 2497 provincias
465 2443 596 2483 sortiti
622 2451 731 2484 sunt.
779 2444 918 2484 idibus
942 2444 1130 2494 Martiis,
1156 2459 1238 2498 quo
1265 2445 1331 2486 die
1358 2443 1556 2499 Sempro-
1582 2455 1601 2483 4

201 2505 295 2545 nius
318 2503 605 2558 Claudiusque
631 2507 893 2547 consulatum
916 2507 1109 2555 inierunt,
1135 2507 1290 2548 mentio
1316 2515 1479 2548 tantum
1505 2507 1556 2548 dc

203 2567 426 2621 provinciis
455 2567 650 2608 Sardinia
674 2569 918 2622 Histriaque
943 2576 983 2610 et
1008 2570 1223 2623 utriusque
1248 2569 1438 2611 hostibus
1463 2569 1555 2617 fuit,

203 2629 274 2682 qui
310 2628 354 2669 in
389 2629 453 2670 his
489 2630 711 2684 provinciis
749 2631 905 2672 bellum
942 2632 1230 2673 concivissent.
1291 2639 1457 2687 postero
1488 2631 1554 2672 dic
1581 2640 1599 2668 ’1
