1804 2926
721 184 844 211 INDEX
868 184 1014 210 RERVM.

168 273 297 308 favent
318 273 373 315 42,
395 272 451 316 46,
471 271 492 306 9
529 270 661 306 acriter
684 269 858 305 resistunt

170 318 331 363 praetori
344 319 399 362 42,
416 318 471 352 63.

148 365 432 398 Halicarnassus
445 363 500 406 37,
516 363 569 405 16,
585 362 617 395 2.

148 409 495 444 Halicarnassenses
509 408 564 451 33,
578 408 634 449 20,
650 406 704 440 12.

148 455 267 500 Halys
280 454 416 488 flumen
430 454 485 497 38,
500 453 554 496 16,
570 453 630 495 133
643 452 698 495 38,
713 451 768 494 38,
783 451 816 484 4.

147 500 292 534 Hamae
310 499 375 533 ubi
394 499 486 532 sitae
499 498 555 541 23,
570 498 625 539 35,
641 497 684 531 13
714 496 767 530 ibi
787 500 857 530 sta-

169 549 246 578 tum
259 544 457 588 Campanis
471 541 690 577 sacrificium
704 541 752 575 ib.
767 542 798 575 3.

147 589 339 624 Hamilcar
356 588 473 622 filium
487 587 605 633 adigit
622 586 858 621 iureiurando

169 635 311 668 hostem
330 633 408 668 fore
428 633 604 667 Romanis
622 632 678 676 21,
701 632 732 676 1,
753 632 776 666 4
804 632 857 666 in-

172 679 291 714 ‹rentis
310 678 458 723 spiritus
477 678 525 712 ib.
540 678 561 712 5
598 688 710 730 quare
731 676 857 711 anxius

170 707 215 759 de
230 723 589 769 Carthaginiensium
602 722 755 767 imperio
769 722 856 756 ibid.

170 770 248 804 eius
273 772 474 814 apparatus
498 768 535 802 in
562 768 699 803 bellum
724 768 857 801 Roma-

169 826 256 849 num
274 816 330 857 21,
352 815 385 857 2,
407 813 496 847 1-2
531 825 628 847 mors
653 817 857 857 opportuna

169 861 219 894 ib.
233 861 254 894 3
280 860 313 894 01
327 859 540 894 Hasdrubal
553 859 641 893 flore
657 860 800 900 aetatis,
818 862 858 891 ut

170 905 304 949 ferunt,
320 905 536 939 conciliatus
550 904 638 938 ibid.
653 904 698 938 cf.
714 904 768 945 21,
779 904 858 946 41,8

170 951 234 985 ubi
252 954 415 984 mortuus
435 950 482 983 sit
499 961 655 995 magnus
670 949 860 983 Hamilcar

169 997 225 1039 24,
236 996 290 1037 41,
305 996 326 1030 3
351 1006 422 1040 quo
437 1006 532 1029 anno
546 999 707 1028 mortuus
721 994 762 1028 F.
772 995 813 1027 11
835 994 859 1027 b

172 1041 292 1075 dicere
306 1041 450 1075 solebat
463 1044 635 1085 quattuor
654 1039 748 1073 filios
761 1039 859 1073 velut

172 1086 312 1121 catulos
327 1097 364 1121 se
379 1086 535 1121 educare
549 1086 586 1119 in
599 1085 775 1130 populum
787 1084 859 1119 Ro-

171 1143 320 1165 manum
334 1131 422 1165 ibid.

148 1177 341 1211 Hamilcar
378 1176 552 1221 Gisgonis
587 1175 683 1209 filius
709 1175 858 1210 Melitae

171 1222 380 1266 praefectus
400 1222 558 1256 traditur
572 1220 790 1266 Sempronio
802 1221 857 1264 21,
869 1263 872 1267 ἢ

171 1269 226 1309 51,
241 1268 273 1300 2.

149 1313 340 1346 Hamilcar
370 1323 392 1346 a
414 1312 660 1346 Locrensibus
689 1315 859 1356 receptus

170 1359 226 1401 24,
243 1359 274 1400 1,
289 1358 309 1391 9
324 1357 369 1391 cf.
383 1358 438 1399 29,
454 1358 486 1400 6,
503 1358 557 1391 16.

149 1403 338 1437 Hamilcar
357 1402 565 1447 praefectus
580 1401 706 1436 classis
721 1413 763 1436 ex
778 1400 859 1436 Sar-

172 1448 272 1481 dinia
284 1448 461 1492 praedam
476 1447 553 1492 agit
566 1448 620 1489 27,
637 1448 668 1489 6,
685 1448 739 1480 13.

151 1493 342 1527 Hamilcar
362 1491 491 1526 Gallos
512 1492 613 1526 ducit
636 1492 860 1526 rebellantes

171 1538 225 1580 31,
248 1539 302 1581 10,
316 1538 337 1571 2
368 1537 598 1572 Placentiam
612 1537 753 1571 invadit
770 1537 859 1570 ibid.

171 1583 277 1617 exilio
284 1583 460 1617 multatus
469 1582 628 1617 aPoenis
636 1594 718 1617 eum
726 1582 859 1617 dedere

172 1629 278 1662 iussis
291 1629 347 1671 31,
363 1629 405 1661 19
429 1639 564 1673 magno
584 1628 722 1672 proelio
742 1629 859 1661 victus

171 1673 387 1708 interficitur
405 1674 459 1716 31,
475 1674 530 1717 21,
545 1674 588 1707 18
607 1672 653 1707 ef.
673 1674 728 1716 32,
744 1673 799 1715 30,
817 1673 858 1706 12

172 1719 304 1753 eumin
324 1719 509 1763 triumpho
525 1719 673 1752 ductum
688 1729 766 1753 esse
781 1718 857 1762 qui-

172 1764 257 1798 dam
270 1768 436 1798 auctores
450 1767 534 1797 sunt
547 1764 601 1807 33,
617 1764 672 1806 23,
689 1764 721 1798 5.

151 1808 392 1853 Hampsicora
417 1808 613 1843 Sardorum
640 1808 857 1842 auctoritate

172 1858 209 1888 et
233 1854 364 1898 opibus
387 1854 497 1899 longe
522 1855 657 1897 primus
683 1854 857 1888 defectio-

172 1911 255 1933 nem
274 1898 421 1932 molitur
441 1899 488 1932 ad
504 1899 650 1932 Poenos
668 1899 723 1941 23,
745 1899 800 1940 32,
816 1899 859 1932 10

172 1955 252 1978 eum
273 1943 507 1977 Hasdrubale
531 1944 647 1978 victus
673 1943 742 1977 sibi
765 1954 858 1977 mor-

171 1994 245 2023 tem
259 1989 451 2023 consciscit
464 1989 518 2032 23,
533 1989 588 2031 41,
599 1989 631 2021 4.

150 2035 339 2068 Hannibal
352 2034 560 2068 Poenorum
574 2034 646 2067 dux
658 2033 701 2066 P.
711 2033 753 2067 17
768 2033 858 2067 mari

171 2082 287 2113 victus
302 2091 323 2114 a
335 2079 510 2113 Romanis
529 2079 616 2112 ibid.
643 2090 664 2112 a
683 2078 859 2112 militibus

173 2125 246 2158 suis
259 2125 296 2158 in
311 2136 456 2159 crucem
469 2124 635 2158 sublatus
648 2124 736 2157 ibid.

150 2170 340 2204 Hannibal
360 2181 382 2204 a
405 2173 510 2214 patre
529 2169 740 2203 Hamilcare
766 2168 858 2203 iure-

174 2215 328 2249 iurando
348 2216 511 2258 adactus,
534 2215 677 2248 hostem
696 2214 774 2248 fore
787 2214 858 2247 Ro-

174 2261 290 2294 manis
304 2260 358 2302 21,
375 2262 406 2302 1,
421 2261 445 2293 4
466 2260 512 2294 ab
528 2271 570 2294 eo
590 2260 627 2293 in
641 2259 858 2304 Hispaniam

175 2306 313 2339 accitus
326 2306 380 2347 21,
396 2305 428 2348 3,
443 2306 464 2338 2
494 2305 531 2338 in
544 2304 763 2348 Hispaniam
776 2305 858 2337 mis-

174 2363 233 2384 sus
248 2361 390 2384 omnem
404 2352 601 2384 exercitum
615 2351 652 2383 in
666 2361 703 2383 se
713 2360 859 2383 conver-

173 2397 217 2429 tit
236 2396 292 2438 21,
311 2396 333 2428 4
369 2395 446 2429 eius
469 2395 657 2439 ingenium
681 2394 729 2428 ib.
750 2395 861 2428 2——10

174 2441 210 2474 in
226 2440 384 2475 Olcades
397 2441 594 2474 exereitum
608 2440 709 2473 ducit
722 2440 776 2482 21,
792 2440 824 2483 5,
839 2440 862 2472 3

175 2498 235 2521 eos
249 2486 361 2519 vincit
377 2485 427 2519 ib.
440 2486 463 2518 4
487 2485 740 2519 Vaccaeorum
752 2484 863 2519 urbes

174 2532 274 2576 capit
287 2531 335 2564 ib.
346 2531 366 2564 6
380 2529 607 2574 Carpetanos
620 2530 771 2563 consilio
784 2530 860 2563 vin-

174 2577 225 2611 cit
250 2576 296 2610 ad
317 2576 463 2621 Tagum
480 2576 529 2609 ib.
550 2576 592 2609 16
629 2575 861 2609 Turdetanos

174 2625 302 2655 contra
321 2621 545 2666 Saguntinos
566 2621 701 2655 excitat
719 2621 774 2663 21,
793 2621 824 2663 6,
840 2621 860 2653 2

176 2667 381 2712 Saguntum
400 2670 592 2712 oppugnat
610 2666 666 2709 21,
687 2666 706 2700 7
737 2666 860 2701 vulne-

222 2724 279 2750 Livi
291 2724 341 2750 rol.
357 2723 400 2750 IV.

1511 166 1592 207 321

905 272 1007 303 ratur
1031 269 1080 303 ib.
1101 269 1144 303 10
1179 268 1324 314 legatos
1347 267 1595 302 Romanorum

906 325 978 348 non
1005 314 1166 348 admittit
1190 318 1228 348 et
1251 314 1392 348 litteras
1417 312 1529 345 mittit
1548 311 1595 345 ad

906 360 1089 404 principes
1103 359 1275 394 factionis
1288 358 1469 393 Barcinae
1488 357 1544 399 21,
1560 357 1594 399 9,

905 405 928 439 4
961 416 1075 449 prope
1096 405 1212 439 omnis
1233 408 1381 438 senatus
1400 402 1595 447 Carthagi-

906 450 1040 485 niensis
1055 450 1277 484 Hannibalis
1292 454 1347 484 est
1359 449 1415 491 21,
1427 449 1467 481 11
1494 449 1594 492 quie-

905 500 980 529 tem
1005 496 1068 529 dat
1092 495 1269 529 militibus
1293 504 1494 538 paucorum
1520 492 1594 527 die-

906 553 985 574 rum
1000 541 1048 574 ib.
1063 542 1083 575 3
1098 540 1278 575 Oretanos
1292 539 1594 583 Carpetanosque

907 586 1094 621 celeritate
1116 585 1287 630 opprimit
1304 584 1354 618 ib.
1376 584 1419 617 13
1451 582 1594 628 Sagun-

906 635 981 665 tum
996 631 1097 676 capit
1109 631 1164 674 21,
1181 631 1235 673 14,
1248 630 1270 664 3
1283 630 1325 663 P.
1351 629 1528 673 praedam
1541 628 1595 661 in-

905 680 961 711 ter
974 677 1107 711 milites
1121 680 1157 711 et
1170 676 1266 710 cives
1281 673 1528 716 distribuit21,
1539 673 1594 716 15,

906 723 927 755 2
950 724 1288 766 praeoccupaverat
1303 719 1497 754 Gallorum
1518 718 1594 752 ani-

906 779 984 801 mos
1008 768 1068 811 21,
1095 768 1150 809 20,
1176 766 1198 800 8
1233 765 1410 799 militibus
1436 763 1596 807 Hispani

907 813 1051 857 generis
1078 815 1320 846 commeatum
1345 811 1409 844 dat
1427 810 1482 852 21,
1503 809 1557 852 21,
1573 809 1595 842 2

908 856 1033 892 Gades
1054 857 1240 902 profectus
1254 855 1406 890 Herculi
1423 858 1510 888 vota
1525 854 1594 887 sol-

905 905 957 937 vit
970 903 1018 937 ib.
1034 903 1054 936 9
1089 902 1254 936 Africam
1268 901 1390 935 valido
1410 899 1594 945 praesidio

906 947 1027 982 firmat
1045 948 1094 981 ib.
1115 950 1158 982 10
1193 947 1410 992 Hispaniam
1431 943 1594 979 Hasdru-

907 993 983 1028 bali
1004 994 1164 1027 destinat
1182 994 1236 1035 21,
1251 993 1296 1026 22
1321 993 1397 1026 eius
1418 990 1595 1025 somnium

907 1040 962 1082 21,
978 1040 1033 1081 22,
1049 1040 1069 1072 6
1100 1038 1309 1082 praemissis
1324 1038 1370 1071 ad
1384 1037 1500 1080 Alpes
1514 1046 1595 1079 spe-

908 1084 1109 1118 ctatoribus
1123 1084 1302 1117 Hiberum
1314 1082 1475 1116 traducit
1487 1082 1542 1124 21,
1551 1081 1596 1114 23

908 1129 1070 1163 subactis
1079 1129 1252 1174 gentibus
1261 1129 1482 1162 Hannonem
1490 1137 1595 1171 prae-

907 1174 984 1209 ficit
1004 1175 1054 1208 ib.
1068 1175 1088 1208 2
1113 1178 1218 1218 parte
1239 1174 1426 1217 copiarum
1447 1173 1597 1206 dimissa

908 1221 1121 1265 Pyrenaeos
1138 1219 1271 1253 transit
1289 1219 1343 1261 21,
1366 1219 1411 1252 24
1424 1218 1465 1251 P.
1492 1217 1596 1251 donis

909 1265 1099 1299 Gallorum
1111 1265 1260 1310 regulos
1274 1264 1342 1298 sibi
1356 1263 1528 1297 conciliat
1540 1263 1595 1305 21,

907 1311 962 1353 24,
977 1312 998 1345 5
1035 1311 1082 1344 ad
1100 1310 1319 1344 Rhodanum
1344 1309 1529 1354 profectus
1550 1308 1597 1341 ab

908 1356 1043 1390 accolis
1062 1367 1175 1389 naves
1189 1355 1290 1400 cogit
1308 1355 1362 1396 21,
1378 1355 1433 1396 26,
1449 1354 1468 1388 7
1492 1353 1596 1388 Han-

908 1412 1002 1435 none
1022 1401 1268 1434 circummisso
1289 1400 1335 1433 ad
1353 1400 1475 1433 hostes
1496 1410 1597 1433 aver-

908 1446 1038 1480 tendos
1065 1446 1142 1489 ipse
1162 1445 1295 1479 transit
1313 1445 1370 1485 21,
1383 1445 1439 1487 27,
1455 1445 1473 1478 7
1511 1455 1596 1478 con-

907 1492 1045 1525 tionem
1058 1491 1171 1524 habet
1184 1490 1238 1533 21,
1254 1490 1299 1523 30
1328 1490 1598 1524 mediterranea.

909 1536 1055 1570 Galliae
1081 1540 1210 1580 petens
1234 1535 1289 1577 21,
1305 1535 1359 1577 31,
1376 1535 1396 1568 2
1428 1535 1475 1568 ad
1495 1534 1596 1568 Allo-

907 1581 1041 1627 broges
1054 1581 1153 1615 venit
1166 1581 1215 1614 ib.
1229 1581 1252 1613 4
1280 1580 1385 1625 regni
1398 1580 1597 1614 certamine

908 1626 1108 1671 composito
1124 1627 1170 1660 ab
1185 1626 1229 1659 iis
1251 1626 1398 1659 adiutus
1416 1625 1464 1659 ib.
1479 1626 1501 1659 8
1524 1625 1596 1669 pri—

907 1683 984 1706 mos
1009 1672 1120 1706 clivos
1146 1671 1297 1716 Alpium
1330 1671 1416 1704 dolo
1439 1674 1598 1714 occupat

906 1718 961 1759 21,
977 1718 1032 1761 32,
1047 1718 1069 1751 8
1098 1721 1291 1750 montanos
1307 1716 1437 1750 Gallos
1457 1716 1597 1760 equita-

905 1767 983 1796 tum
996 1763 1189 1797 turbantes
1202 1762 1308 1807 pellit
1321 1762 1376 1805 21,
1392 1762 1446 1805 33,
1457 1762 1477 1795 9
1491 1761 1532 1795 P.
1549 1761 1596 1795 ad

907 1813 1104 1843 extremum
1118 1808 1320 1852 perieulum
1334 1808 1532 1851 perductus
1540 1807 1595 1850 21,

906 1854 961 1897 34,
976 1854 998 1887 8
1033 1864 1131 1887 nono
1155 1853 1214 1887 die
1238 1853 1277 1886 in
1301 1853 1426 1897 iugum
1445 1852 1597 1896 Alpium

906 1899 1072 1942 pervenit
1084 1899 1138 1941 21,
1154 1899 1208 1941 35,
1223 1898 1245 1931 4
1258 1898 1437 1931 militibus
1449 1898 1597 1931 Italiam

907 1947 1068 1977 ostentat
1087 1943 1135 1976 ib.
1149 1944 1170 1976 8
1201 1943 1508 1977 descendentibus
1527 1942 1597 1976 iter

907 1987 1093 2021 difficilius
1107 1988 1155 2021 ib.
1169 1989 1210 2020 11
1231 1988 1275 2022 de
1289 1988 1463 2031 temporis
1478 1987 1596 2031 spatio

908 2034 944 2066 in
970 2033 1099 2067 itinere
1125 2036 1341 2076 consumpto
1360 2036 1396 2067 et
1416 2033 1460 2067 de
1481 2032 1596 2076 copiis

906 2078 1129 2112 Hannibalis
1151 2079 1206 2119 21,
1228 2078 1271 2111 38
1308 2089 1467 2122 quanam
1490 2077 1597 2122 Alpis

906 2124 1092 2157 transierit
1112 2123 1160 2156 ib.
1181 2124 1269 2156 6-9
1294 2122 1514 2157 reficiendos
1535 2134 1596 2156 cu-

906 2173 965 2203 rat
989 2168 1122 2202 milites
1141 2169 1196 2211 21,
1217 2168 1271 2206 39,
1293 2168 1314 2200 2
1351 2168 1597 2202 Taurinorum

908 2217 1020 2258 caput
1045 2218 1231 2258 expugnat
1256 2213 1304 2247 ib.
1329 2213 1351 2246 4
1388 2212 1597 2258 Scipionem

908 2259 1062 2293 offendit
1075 2259 1122 2292 ad
1136 2259 1306 2292 Ticinum
1320 2258 1368 2291 ib.
1385 2259 1403 2292 7
1435 2259 1595 2304 imagine

908 2305 1067 2349 quadam
1081 2305 1270 2348 proposita
1282 2304 1390 2347 21742
1405 2315 1487 2337 suos
1501 2304 1595 2349 ipso—

907 2362 987 2383 rum
1013 2348 1238 2383 condicionis
1269 2349 1441 2383 admonet
1464 2350 1526 2392 21,
1552 2350 1597 2383 43

908 2396 1073 2439 praemia
1085 2394 1256 2438 proponit
1270 2395 1324 2436 21,
1339 2394 1395 2436 45,
1409 2394 1431 2428 4
1456 2394 1595 2439 proelio

909 2439 1069 2483 equestri
1083 2439 1268 2473 consulem
1282 2439 1456 2483 propellit
1469 2440 1524 2483 21,
1539 2440 1594 2482 46,

910 2486 928 2519 7
942 2485 985 2518 Ρ.
1013 2488 1157 2518 secutus
1172 2484 1379 2528 Scipionem
1394 2485 1440 2519 ad
1454 2485 1597 2519 Padum

910 2535 1099 2564 sexcentos
1112 2530 1297 2563 Romanos
1317 2530 1417 2574 capit
1436 2530 1490 2573 21,
1506 2531 1560 2573 47,
1576 2531 1598 2565 3

908 2576 1052 2609 Padum
1071 2579 1321 2620 transgressus
1341 2579 1462 2609 castra
1480 2577 1598 2610 munit

908 2621 956 2654 ib.
966 2621 987 2655 8
1002 2621 1048 2654 ad
1063 2620 1237 2654 Trebiam
1251 2624 1396 2654 secutus
1411 2621 1597 2656 consulem

909 2665 1087 2701 Clastidio
1102 2666 1309 2710 proditione
1321 2667 1460 2711 potitur
1473 2667 1593 2711 {21,48,
