1804 2926
475 135 629 168 LIBER
653 133 861 178 XXXXII,
887 133 942 167 26.
962 134 1017 167 27.
1043 137 1095 176 [a.
1110 133 1149 168 C.
1166 133 1245 177 172]
1486 126 1541 165 49

189 241 266 280 bus
292 238 449 286 Persei,
476 238 550 278 sed
574 237 743 292 egregie
758 235 841 291 [in]
863 236 945 277 fide
971 251 1228 291 permanere,
1254 236 1542 292 pollicitosque

188 301 344 348 onmia,
370 314 479 353 quae
503 300 682 354 populus
708 299 925 340 Romanus
950 299 1214 354 imperasset,
1247 308 1542 354 praestaturos.

187 370 228 404 et
253 362 442 403 civitates
470 361 602 402 socias
629 361 783 410 adisse3
810 368 970 402 ceteras
990 360 1090 401 satis
1115 361 1233 409 fidas,
1259 361 1446 402 Rhodios
1467 361 1544 401 flu-

188 423 367 465 ctuantis
398 430 438 464 et
475 423 644 464 inbutos
677 423 823 464 Persei
854 423 1020 464 consilis
1059 423 1279 464 invenisse.
1346 430 1546 464 venerant

187 486 327 527 Rhodi
350 485 478 539 legati
504 485 558 526 ad
583 485 805 540 purganda
830 500 893 534 ea,
919 500 1026 539 quac
1052 486 1176 540 volgo
1196 485 1341 526 iactari
1368 485 1419 526 de
1444 484 1545 525 civi-

186 555 271 589 tate
298 547 502 596 sciebant3
529 554 714 588 ceterum
739 555 929 588 senatum
955 548 1003 588 iis
1029 562 1112 588 non
1133 546 1256 602 [dari‚
1282 547 1396 601 prius
1417 561 1544 600 quam

189 609 309 665 no]vi
335 610 526 650 consules
552 609 846 664 magistratum
870 610 1056 659 inissent,
1082 609 1251 663 placuit.

270 672 470 714 XXVII.
506 671 615 712 Belli
653 679 900 726 apparatum
936 686 1020 712 non
1058 671 1336 712 differendum
1374 685 1547 711 censue-

187 742 296 775 runt.
336 732 385 774 C.
402 734 566 775 Licinio
591 734 773 788 praetori
798 734 1014 789 negotium
1035 734 1169 782 datur,
1196 742 1242 774 ut
1267 749 1318 775 ex
1336 733 1546 774 veteribus

189 796 559 850 quinqueremibus
579 796 621 836 in
642 796 862 836 navalibus
882 796 1043 837 Romae
1065 795 1294 844 subductis,
1320 810 1427 849 quae
1452 810 1548 849 pos-

189 866 280 900 sent
304 858 399 898 usui
424 873 534 907 esse,
567 858 754 899 reficeret
784 866 1033 913 pararetque
1066 873 1195 899 naves
1227 857 1545 912 quinquaginta.

190 920 225 961 si
244 920 344 974 quid
364 920 418 960 ad
436 934 532 960 eum
552 935 774 961 numerum
796 921 1049 974 explendum
1077 920 1252 969 deesset,
1276 918 1325 960 C.
1340 920 1546 960 Memmio

191 983 375 1036 collegae
400 981 442 1021 in
459 981 645 1022 Siciliam
670 982 881 1030 scriberet,
907 989 953 1022 ut
974 997 1043 1023 eas
1065 996 1173 1035 quae
1197 981 1241 1021 in
1255 980 1400 1022 Sicilia
1418 996 1547 1022 naves

191 1052 329 1086 essent.
363 1044 553 1085 reficeret
589 1052 714 1097 atquc
751 1044 983 1098 expediret,
1021 1052 1067 1085 ut
1103 1044 1377 1085 Brundisium
1412 1043 1547 1098 primo

192 1121 359 1161 quoque
391 1114 578 1160 tempore
610 1106 717 1146 mitti
753 1114 934 1160 possent.
996 1106 1129 1147 socios
1162 1107 1330 1147 navales
1367 1105 1548 1147 libertini

192 1169 347 1209 ordinis
378 1168 421 1208 in
453 1169 602 1223 viginti
634 1176 675 1210 et
707 1169 891 1221 quinque
923 1184 1051 1209 naves
1084 1184 1135 1209 ex
1161 1168 1321 1209 civibus
1346 1168 1547 1209 Romanis

193 1230 243 1272 C.
264 1231 453 1271 Licinius
478 1238 645 1284 praetor
669 1230 849 1271 scribere
874 1231 1031 1278 iussus,
1057 1230 1099 1270 in
1125 1230 1310 1283 quinque
1336 1238 1376 1270 et
1401 1229 1547 1284 viginti

191 1308 334 1348 parem
353 1307 573 1332 numerum
591 1291 669 1332 Cn.
688 1291 870 1333 Sicinius
891 1293 1011 1332 sociis
1031 1293 1253 1346 imperaret
1264 1309 1274 1341 3
1300 1293 1410 1334 idem
1429 1307 1548 1347 prae-

191 1365 255 1396 tor
278 1355 467 1409 peditum
492 1362 585 1394 octo
612 1354 737 1401 milia,
764 1354 1090 1408 quadringentos
1118 1353 1319 1409 [equites]
1346 1354 1398 1394 ab
1425 1354 1546 1395 sociis

192 1417 335 1458 Latini
359 1416 537 1456 nominis
560 1417 758 1471 exigeret.
796 1417 908 1457 hunc
933 1417 1109 1457 militem
1129 1417 1200 1470 qui
1216 1417 1415 1457 Brundisi
1440 1416 1548 1457 acci-

192 1488 306 1535 peret
332 1487 456 1533 atque
481 1480 523 1520 in
543 1479 841 1520 Macedoniam
864 1479 1058 1528 mitteret,
1084 1480 1139 1520 A.
1155 1480 1311 1520 Atilius
1328 1479 1548 1528 Serranus,

195 1543 266 1597 qui
297 1542 433 1597 priore
466 1557 574 1583 anno
607 1550 773 1597 praetor
804 1543 961 1591 fuerat„
1000 1543 1213 1597 deligitur,
1252 1541 1331 1583 Cn.
1367 1542 1548 1584 Sicinius
1575 1556 1587 1583 ῑ

192 1612 359 1660 praetor
395 1612 441 1645 ut
478 1605 707 1646 exercitum
736 1612 930 1659 paratum
962 1605 1015 1645 ad
1052 1605 1328 1646 traiciendum
1364 1605 1548 1645 haberet.

194 1666 243 1708 C.
280 1667 461 1721 Popillio
499 1667 659 1708 consuli
698 1682 750 1708 ex
788 1667 1034 1708 auctoritate
1072 1676 1240 1708 senatus
1278 1666 1327 1708 C.
1360 1667 1549 1707 Licinius

192 1738 359 1784 praetor
384 1729 545 1779 scribit,
571 1737 617 1771 ut
643 1737 682 1770 ct
706 1729 915 1784 legionem
941 1730 1189 1779 secundam,
1222 1744 1328 1783 quac
1354 1744 1550 1770 maxume

194 1800 392 1833 veterana
418 1793 460 1832 in
485 1792 717 1846 Liguribus
744 1800 852 1841 erat,
885 1800 925 1833 ct
953 1791 1046 1847 [ex]
1073 1796 1179 1833 socis
1205 1792 1349 1832 Latini
1373 1792 1551 1832 nominis

194 1861 392 1907 quattuor
416 1855 530 1894 milia
554 1854 756 1908 peditum,
784 1855 985 1895 ducentos
1012 1855 1172 1907 equites
1198 1855 1336 1895 idibus
1362 1855 1552 1895 Februa-

195 1916 265 1955 riis
289 1916 488 1956 Brundisi
520 1917 665 1956 adesse
695 1916 870 1957 iuberet.
930 1916 1008 1956 hac
1034 1917 1165 1957 classe
1191 1924 1232 1957 et
1262 1916 1340 1957 hoc
1366 1916 1551 1957 exercitu

197 1976 277 2018 Cn.
317 1977 500 2018 Sicinius
547 1977 804 2031 provinciam
840 1977 1137 2018 Macedoniam
1185 1977 1372 2031 optinere
1421 1977 1552 2017 donec

197 2053 414 2080 successor
444 2038 603 2080 veniret
637 2038 796 2087 iussus,
835 2046 1061 2093 prorogato
1097 2039 1140 2078 in
1172 2054 1328 2079 annum
1364 2039 1550 2093 imperio.

198 2116 247 2142 ea
273 2100 424 2147 omnia,
451 2114 558 2153 quae
584 2108 752 2141 senatus
779 2100 952 2148 censuit,
978 2100 1139 2154 inpigre
1164 2100 1275 2140 facta
1301 2108 1410 2140 sunt.
1449 2101 1552 2140 duo-

197 2162 530 2216 dequadraginta
555 2162 875 2214 quinqueremes
902 2177 953 2202 ex
977 2162 1196 2202 navalibus
1223 2162 1446 2212 deductae3
1480 2162 1552 2215 qui

198 2225 422 2265 deduceret
448 2239 518 2264 eas
543 2224 835 2271 Brundisium,
861 2223 914 2263 L.
935 2223 1111 2264 Porcius
1137 2223 1312 2264 Licinus
1338 2224 1553 2278 praeposi-

198 2294 286 2334 tus3
323 2285 543 2326 duodecim
574 2300 625 2325 ex
658 2284 802 2326 Sicilia
831 2284 995 2325 missae.
1057 2285 1109 2325 ad
1140 2285 1397 2326 frumentum
1430 2286 1552 2327 classi

200 2347 483 2400 exercituique
516 2347 790 2387 coemendum
822 2346 864 2386 in
890 2346 1091 2401 Apuliam
1118 2346 1444 2400 Calabriamque
1469 2355 1552 2389 tres

199 2410 327 2464 legati
351 2409 486 2457 missi,
526 2408 624 2450 Sex.
651 2408 858 2462 Digitius,
890 2409 940 2449 T.
967 2409 1205 2458 Iuventius,
1237 2408 1299 2449 M.
1328 2408 1550 2451 Caecilius.

201 2473 254 2513 ad
279 2471 418 2512 omnia
449 2478 695 2525 praeparata
721 2469 800 2511 Cn.
829 2470 1008 2512 Sicinius
1035 2478 1218 2526 praetor,
1251 2472 1475 2526 paludatus
1501 2488 1552 2514 ex

200 2534 304 2576 urbe
329 2534 553 2589 profectus,
579 2533 851 2574 Brundisium
877 2533 1001 2574 venit.

269 2601 328 2627 Liri
341 2600 392 2628 vol.
404 2599 450 2627 11⁷.
1312 2602 1334 2633 4

1576 933 1592 962 Ιύ
