1804 2926
501 154 654 188 LIBER
678 152 864 198 XXXXI,
890 153 944 187 25.
964 153 1019 187 26.
1044 155 1096 196 [a.
1112 152 1152 187 c.
1168 154 1248 196 174]
1503 144 1557 185 25

202 260 264 300 nis
278 257 462 299 Proxeni
481 263 611 304 erant,
638 270 732 296 cum
754 256 911 296 reditus
930 256 974 296 in
998 255 1175 310 patriam
1200 256 1428 311 promissus
1449 267 1556 297 esset

202 321 388 372 fidesque
419 318 516 359 data
545 333 620 372 per
651 317 882 371 principem
907 317 1084 358 civitatis
1110 317 1411 372 Eupolemum,
1443 324 1556 358 octo·
1583 350 1585 352 .

202 381 318 437 ginta
344 381 538 421 inlustres
563 379 766 429 homines,
788 380 940 433 quibus
960 380 1230 420 redeuntibus
1250 380 1356 421 inter
1377 387 1558 421 ceteram

203 443 511 484 multitudinem
524 441 784 496 Eupolemus
810 442 933 482 etiam
959 442 1107 482 obvius
1133 442 1302 490 exierat,
1328 456 1423 482 cum
1449 441 1558 482 salu-

204 505 358 546 tatione
390 504 572 559 benigna
602 504 765 558 excepti
796 512 934 544 essent
966 504 1220 557 dextraeque
1247 504 1387 553 datae,
1418 504 1558 558 ingre-

205 567 364 607 dientes
398 574 581 620 portam,
617 565 743 606 fidem
775 566 917 606 datam
947 565 1131 619 deosque
1162 565 1277 606 testis
1302 565 1558 618 nequiquam

203 629 445 669 invocantes
469 627 677 668 interfecti
698 635 806 668 sunt.
844 627 940 668 inde
958 628 1129 682 gravius
1151 628 1201 668 de
1220 627 1383 682 integro
1403 627 1557 667 bellum

205 691 370 731 exarsit.
432 688 482 730 C.
508 689 703 731 Valerius
727 689 943 730 Laevinus
969 697 1010 731 et
1034 689 1119 743 Ap.
1148 688 1352 730 Claudius
1377 688 1561 729 Pulcher

205 761 245 793 ct
272 751 321 793 C.
342 751 571 793 BIemmius
597 759 637 793 et
661 752 724 792 M.
745 751 951 805 Popillius
978 760 1018 792 et
1043 751 1095 791 L.
1118 749 1346 792 Canuleius
1372 751 1487 791 missi
1507 751 1560 790 ab

205 821 353 855 senatu
376 821 589 855 venerant.
645 821 745 868 aput
770 828 840 854 eos
867 829 960 855 cum
987 813 1164 868 Delphis
1190 815 1407 867 utriusque
1432 813 1559 868 partis
1599 822 1604 847 ἰ

205 876 334 930 legati
358 890 511 930 magno
538 876 763 916 certamine
789 884 983 930 egerunt,
1008 875 1228 916 Proxenus
1259 876 1440 916 maxime
1466 890 1560 916 cum

207 945 446 984 causa,tum
466 937 702 990 eloquentia
725 946 936 991 praestare
957 938 1070 978 visus
1097 946 1177 986 est,
1204 938 1275 990 qui
1293 952 1448 991 paucos
1469 944 1560 991 post

209 1000 296 1040 dies
317 999 370 1040 ab
385 997 625 1040 Orthobula
643 1014 773 1040 uxore
793 1015 954 1040 veneno
976 1008 1036 1040 est
1057 1000 1260 1049 sublatus,
1282 1000 1561 1052 damnataque

210 1077 258 1102 eo
295 1062 465 1102 crimine
496 1061 539 1101 in
575 1061 746 1102 exilium
783 1062 895 1103 abiit.
966 1062 1077 1102 idem
1114 1062 1229 1102 furor
1266 1070 1307 1103 et
1338 1061 1560 1102 Cretenses

209 1124 432 1165 lacerabat.
494 1123 677 1165 adventu
716 1124 864 1164 deinde
897 1123 950 1175 Q.
977 1124 1141 1165 Minuci
1175 1124 1322 1178 legati,
1359 1124 1432 1177 qui
1468 1138 1564 1164 cum

210 1186 355 1226 decem
379 1185 555 1225 navibus
580 1186 730 1226 missus
757 1186 809 1225 ad
836 1186 1020 1226 sedanda
1045 1200 1188 1226 eorum
1213 1186 1439 1226 certamina
1463 1192 1562 1231 erat,

212 1246 307 1302 [ad]
335 1262 451 1301 spem
477 1247 590 1300 pacis
616 1255 828 1287 venerant.
879 1256 1062 1288 ceterum
1093 1248 1278 1288 indutiae
1303 1256 1466 1288 tantum
1492 1263 1564 1288 sex

210 1323 401 1349 mensum
420 1308 607 1357 fuerunt3
627 1308 724 1348 inde
739 1309 869 1348 multo
887 1309 1057 1362 gravius
1081 1309 1236 1349 bellum
1250 1309 1415 1350 exarsit.
1441 1309 1564 1362 Lycii

209 1385 377 1424 quoque
413 1385 487 1424 per
521 1370 634 1411 idem
672 1378 834 1424 tempus
867 1371 919 1411 ab
972 1371 1112 1411 {hodis
1147 1371 1256 1412 bello
1290 1371 1562 1411 vexabantur.

211 1433 285 1474 sed
310 1441 576 1474 externorum
600 1433 707 1474 inter
733 1448 775 1474 se
801 1433 931 1481 bella,
965 1447 1048 1486 quo
1074 1447 1266 1487 quaeque
1295 1434 1420 1474 modo
1446 1441 1565 1488 gesta

212 1502 320 1544 sunt,
346 1495 541 1549 persequi
565 1510 649 1535 non
670 1510 820 1549 operae
847 1503 907 1536 est
933 1496 1032 1536 satis
1054 1510 1262 1550 superque
1281 1496 1417 1537 oneris
1443 1495 1566 1537 susti-

210 1557 323 1598 nenti
346 1572 412 1598 res
438 1572 462 1597 a
486 1558 641 1611 populo
667 1557 858 1598 Romano
883 1566 1024 1611 gestas
1052 1558 1244 1599 scribere.

294 1618 470 1660 XXVI.
510 1617 712 1660 Celtiberi
731 1619 773 1659 in
794 1619 1014 1674 Hispania,
1041 1619 1113 1672 qui
1138 1620 1246 1661 bello
1268 1620 1412 1660 domiti
1438 1635 1482 1661 se
1500 1619 1566 1659 Ti.

215 1681 410 1722 Graccho
442 1681 706 1730 dediderant,
739 1682 877 1735 pacati
907 1689 1146 1722 manserant
1169 1682 1233 1722 M.
1260 1682 1416 1722 Titinio
1448 1697 1568 1736 prac-

212 1752 300 1784 tore
321 1743 532 1797 optinente
557 1743 828 1797 provinciam,
853 1744 1105 1785 rebellarunt
1131 1744 1208 1784 sub
1235 1744 1462 1785 adventum
1482 1744 1518 1783 A
1528 1759 1566 1798 p.

215 1804 388 1854 Claudi,
419 1805 584 1858 orsique
617 1805 774 1846 bellum
805 1813 900 1846 sunt
930 1806 983 1846 ab
1015 1806 1232 1860 repentina
1257 1805 1569 1861 oppugnatione

215 1874 443 1908 castrorum
456 1867 755 1908 Romanorum.
792 1868 926 1922 prima
946 1868 1018 1908 lux
1036 1867 1168 1908 ferme
1183 1876 1283 1916 erat,
1307 1883 1402 1908 cum
1422 1867 1568 1921 vigiles

215 1929 258 1968 in
281 1928 390 1968 vallo
409 1928 564 1981 quique
588 1929 632 1968 in
656 1937 870 1982 portarum
892 1929 1139 1969 stationibus
1166 1937 1295 1976 erant,
1322 1944 1418 1969 cum
1443 1929 1570 1968 vidis-

217 1996 309 2030 sent
333 1989 477 2043 procul
503 1989 737 2030 venientem
762 1990 944 2039 hostem,
970 1991 1023 2030 ad
1048 2006 1163 2031 arma
1189 1991 1568 2031 conclamaverunt.

1589 1069 1604 1096 &J

1595 1874 1613 1902 N«

217 2052 302 2105 Ap.
330 2049 533 2091 Claudius
560 2051 679 2104 signo
704 2051 917 2105 proposito
941 2066 1129 2106 pugnae,
1155 2052 1300 2105 paucis
1326 2051 1569 2091 adhortatus
1596 2059 1613 2087 :3

218 2113 390 2161 milites,
439 2113 572 2153 tribus
616 2113 740 2153 simul
782 2113 911 2167 portis
954 2113 1110 2154 eduxit.
1181 2113 1479 2154 obsistentibus
1517 2112 1571 2152 ad

219 2176 378 2229 exitum
404 2173 625 2216 Celtiberis
651 2175 784 2230 primo
806 2190 880 2229 par
900 2175 1108 2228 utrimque
1133 2175 1338 2229 proelium
1356 2175 1448 2225 fuit,
1473 2172 1572 2227 quia

218 2246 389 2292 propter
419 2237 633 2291 angustias
663 2252 748 2277 non
778 2252 919 2278 omnes
951 2237 994 2277 in
1019 2237 1211 2277 faucibus
1243 2252 1432 2292 pugnare
1456 2244 1572 2291 pote-

219 2307 313 2340 rant
332 2299 531 2348 Romani3
557 2308 782 2354 urguentes
809 2299 959 2340 deinde
985 2299 1039 2339 ali
1064 2299 1166 2340 alios
1192 2299 1325 2340 sicubi
1350 2306 1573 2340 evaserunt

221 2368 338 2402 extra
374 2361 549 2410 vallum,
586 2368 631 2400 ut
667 2361 849 2414 pandere
887 2361 1019 2401 aciem
1050 2368 1088 2401 et
1121 2360 1347 2414 exaequari
1377 2360 1572 2401 cornibus

222 2423 416 2471 hostium,
443 2423 594 2476 quibus
614 2423 951 2471 circumibantur,
977 2431 1157 2477 possent,
1183 2423 1241 2463 ita
1265 2431 1436 2477 repente
1460 2423 1574 2462 inru-

221 2491 391 2540 perunt,
417 2492 463 2524 ut
488 2485 691 2525 sustinere
715 2485 919 2539 impetum
943 2499 1087 2525 eorum
1114 2484 1315 2526 Celtiberi
1339 2485 1572 2538 nequirent.

222 2554 317 2587 ante
354 2546 499 2587 horam
534 2546 761 2587 secundam
796 2547 908 2600 pulsi
943 2554 1058 2595 sunt3
1097 2547 1150 2587 ad
1185 2547 1425 2600 quindecim
1461 2546 1572 2586 milia
1600 2564 1606 2581 ι

223 2608 365 2664 [caesa
391 2607 482 2663 aut]
509 2617 643 2664 capta,
670 2609 790 2663 signa
815 2609 1009 2663 adempta
1035 2609 1116 2650 duo
1144 2618 1181 2650 ct
1209 2609 1389 2663 triginta.
1440 2617 1572 2649 castra
