<?xml version="1.0" encoding="UTF-8"?>
<!DOCTYPE html PUBLIC "-//W3C//DTD XHTML 1.0 Transitional//EN"
    "http://www.w3.org/TR/xhtml1/DTD/xhtml1-transitional.dtd">
<html xmlns="http://www.w3.org/1999/xhtml" xml:lang="en" lang="en">
 <head>
  <title>
</title>
<meta http-equiv="Content-Type" content="text/html;charset=utf-8" />
  <meta name='ocr-system' content='tesseract 3.04.00' />
  <meta name='ocr-capabilities' content='ocr_page ocr_carea ocr_par ocr_line ocrx_word'/>
</head>
<body>
  <div class='ocr_page' id='page_1' title='image "./aburbeconditalib04livyuoft_0275.png"; bbox 0 0 1804 2926; ppageno 0'>
   <div class='ocr_carea' id='block_1_1' title="bbox 679 167 889 193">
    <p class='ocr_par' dir='ltr' id='par_1_1' title="bbox 679 167 889 193">
     <span class='ocr_line' id='line_1_1' title="bbox 679 167 889 193; baseline -0.005 0"><span class='ocrx_word' id='word_1_1' title='bbox 679 169 753 193; x_wconf 89' lang='lat' dir='ltr'>LIB.</span> <span class='ocrx_word' id='word_1_2' title='bbox 774 167 889 193; x_wconf 83' lang='lat' dir='ltr'>LVII-</span> 
     </span>
    </p>
   </div>
   <div class='ocr_carea' id='block_1_2' title="bbox 139 267 856 1211">
    <p class='ocr_par' dir='ltr' id='par_1_2' title="bbox 139 267 856 1211">
     <span class='ocr_line' id='line_1_2' title="bbox 141 267 850 313; baseline -0.008 -7"><span class='ocrx_word' id='word_1_3' title='bbox 141 273 183 306; x_wconf 96' lang='lat' dir='ltr'><em>N</em></span> <span class='ocrx_word' id='word_1_4' title='bbox 191 291 205 305; x_wconf 55' lang='lat'>³</span> <span class='ocrx_word' id='word_1_5' title='bbox 216 273 247 313; x_wconf 75' lang='lat' dir='ltr'>i,·</span> <span class='ocrx_word' id='word_1_6' title='bbox 265 272 305 305; x_wconf 77' lang='lat' dir='ltr'>de</span> <span class='ocrx_word' id='word_1_7' title='bbox 317 272 402 304; x_wconf 79' lang='lat' dir='ltr'>lace.</span> <span class='ocrx_word' id='word_1_8' title='bbox 424 268 596 313; x_wconf 73' lang='lat' dir='ltr'><em>explendis</em></span> <span class='ocrx_word' id='word_1_9' title='bbox 609 267 653 311; x_wconf 77' lang='lat' dir='ltr'>cf.</span> <span class='ocrx_word' id='word_1_10' title='bbox 667 268 718 310; x_wconf 79' lang='lat' dir='ltr'>hb,</span> <span class='ocrx_word' id='word_1_11' title='bbox 739 268 779 300; x_wconf 76' lang='lat' dir='ltr'>de</span> <span class='ocrx_word' id='word_1_12' title='bbox 790 281 808 303; x_wconf 82' lang='grc' dir='ltr'><em>ς</em></span> <span class='ocrx_word' id='word_1_13' title='bbox 821 279 850 300; x_wconf 86' lang='grc' dir='ltr'>υ.</span> 
     </span>
     <span class='ocr_line' id='line_1_3' title="bbox 140 322 850 373; baseline -0.01 -11"><span class='ocrx_word' id='word_1_14' title='bbox 140 330 206 362; x_wconf 87' lang='lat' dir='ltr'>Dr.</span> <span class='ocrx_word' id='word_1_15' title='bbox 224 328 236 373; x_wconf 97' lang='grc' dir='ltr'>Η</span> <span class='ocrx_word' id='word_1_16' title='bbox 254 323 622 361; x_wconf 87' lang='lat' dir='ltr'>LXXXXVIIsieut</span> <span class='ocrx_word' id='word_1_17' title='bbox 630 324 688 360; x_wconf 81' lang='grc' dir='ltr'>Νς</span> <span class='ocrx_word' id='word_1_18' title='bbox 696 322 850 366; x_wconf 64' lang='grc' dir='ltr'>εθᾱςογῖ,</span> 
     </span>
     <span class='ocr_line' id='line_1_4' title="bbox 140 379 851 426; baseline -0.008 -8"><span class='ocrx_word' id='word_1_19' title='bbox 140 397 188 418; x_wconf 76' lang='lat' dir='ltr'>vv.</span> <span class='ocrx_word' id='word_1_20' title='bbox 198 385 252 417; x_wconf 73' lang='lat' dir='ltr'>dd.</span> <span class='ocrx_word' id='word_1_21' title='bbox 262 385 365 417; x_wconf 76' lang='lat' dir='ltr'>aclmz.</span> <span class='ocrx_word' id='word_1_22' title='bbox 375 393 430 426; x_wconf 78' lang='lat' dir='ltr'>ap.</span> <span class='ocrx_word' id='word_1_23' title='bbox 439 382 519 424; x_wconf 80' lang='lat' dir='ltr'>Dr.⁷</span> <span class='ocrx_word' id='word_1_24' title='bbox 528 382 548 414; x_wconf 76' lang='lat' dir='ltr'><strong><em>h</em></strong></span> <span class='ocrx_word' id='word_1_25' title='bbox 567 381 578 425; x_wconf 97' lang='grc' dir='ltr'>Η</span> <span class='ocrx_word' id='word_1_26' title='bbox 595 379 851 420; x_wconf 88' lang='lat' dir='ltr'>L.Aurelium]</span> 
     </span>
     <span class='ocr_line' id='line_1_5' title="bbox 140 435 854 484; baseline -0.008 -10"><span class='ocrx_word' id='word_1_27' title='bbox 140 441 231 484; x_wconf 50' lang='lat' dir='ltr'>Say:</span> <span class='ocrx_word' id='word_1_28' title='bbox 252 439 301 473; x_wconf 90' lang='lat' dir='ltr'>M.</span> <span class='ocrx_word' id='word_1_29' title='bbox 314 437 507 472; x_wconf 84' lang='lat' dir='ltr'>Aurelium</span> <span class='ocrx_word' id='word_1_30' title='bbox 530 438 541 481; x_wconf 96' lang='grc' dir='ltr'>Η</span> <span class='ocrx_word' id='word_1_31' title='bbox 569 435 854 470; x_wconf 84' lang='lat' dir='ltr'>LXXXXVIII</span> 
     </span>
     <span class='ocr_line' id='line_1_6' title="bbox 140 491 851 541; baseline -0.008 -11"><span class='ocrx_word' id='word_1_32' title='bbox 140 496 226 541; x_wconf 88' lang='lat' dir='ltr'>quia</span> <span class='ocrx_word' id='word_1_33' title='bbox 245 494 362 539; x_wconf 89' lang='lat' dir='ltr'>sequi]</span> <span class='ocrx_word' id='word_1_34' title='bbox 384 495 457 531; x_wconf 75' lang='grc' dir='ltr'>Νςε</span> <span class='ocrx_word' id='word_1_35' title='bbox 478 504 571 538; x_wconf 84' lang='lat' dir='ltr'>quae</span> <span class='ocrx_word' id='word_1_36' title='bbox 585 507 603 530; x_wconf 82' lang='grc' dir='ltr'><em>ς</em></span> <span class='ocrx_word' id='word_1_37' title='bbox 617 491 679 536; x_wconf 89' lang='lat' dir='ltr'>qui</span> <span class='ocrx_word' id='word_1_38' title='bbox 693 492 723 537; x_wconf 77' lang='grc' dir='ltr'>(ς</span> <span class='ocrx_word' id='word_1_39' title='bbox 731 492 760 536; x_wconf 67' lang='lat'>52)</span> <span class='ocrx_word' id='word_1_40' title='bbox 780 492 851 524; x_wconf 74' lang='lat' dir='ltr'>edd.</span> 
     </span>
     <span class='ocr_line' id='line_1_7' title="bbox 140 547 852 595; baseline -0.006 -10"><span class='ocrx_word' id='word_1_41' title='bbox 140 558 213 585; x_wconf 76' lang='lat' dir='ltr'>vett.</span> <span class='ocrx_word' id='word_1_42' title='bbox 229 553 257 595; x_wconf 72' lang='grc' dir='ltr'>ῖς</span> <span class='ocrx_word' id='word_1_43' title='bbox 272 553 310 584; x_wconf 74' lang='lat' dir='ltr'>(Ie</span> <span class='ocrx_word' id='word_1_44' title='bbox 323 562 395 595; x_wconf 74' lang='lat' dir='ltr'>sqq.</span> <span class='ocrx_word' id='word_1_45' title='bbox 411 549 455 592; x_wconf 53' lang='lat' dir='ltr'>cs:</span> <span class='ocrx_word' id='word_1_46' title='bbox 469 551 550 592; x_wconf 63' lang='lat' dir='ltr'>Dru,</span> <span class='ocrx_word' id='word_1_47' title='bbox 566 549 602 592; x_wconf 80' lang='grc' dir='ltr'>ἱΗ</span> <span class='ocrx_word' id='word_1_48' title='bbox 623 548 693 583; x_wconf 85' lang='lat' dir='ltr'>CII</span> <span class='ocrx_word' id='word_1_49' title='bbox 706 547 852 582; x_wconf 82' lang='lat' dir='ltr'>Bitoeto</span> 
     </span>
     <span class='ocr_line' id='line_1_8' title="bbox 139 603 853 651; baseline -0.007 -10"><span class='ocrx_word' id='word_1_50' title='bbox 139 620 180 641; x_wconf 70' lang='lat' dir='ltr'>en:</span> <span class='ocrx_word' id='word_1_51' title='bbox 193 608 281 651; x_wconf 73' lang='lat' dir='ltr'>App.</span> <span class='ocrx_word' id='word_1_52' title='bbox 297 608 369 650; x_wconf 75' lang='lat' dir='ltr'><strong><em>Siy.</em></strong></span> <span class='ocrx_word' id='word_1_53' title='bbox 391 607 403 650; x_wconf 95' lang='grc' dir='ltr'>Η</span> <span class='ocrx_word' id='word_1_54' title='bbox 417 605 455 639; x_wconf 86' lang='lat' dir='ltr'>in</span> <span class='ocrx_word' id='word_1_55' title='bbox 462 605 744 649; x_wconf 80' lang='lat' dir='ltr'>Hierosolyma]</span> <span class='ocrx_word' id='word_1_56' title='bbox 759 603 800 649; x_wconf 74' lang='lat' dir='ltr'>(S.</span> <span class='ocrx_word' id='word_1_57' title='bbox 815 603 853 636; x_wconf 87' lang='lat' dir='ltr'>in</span> 
     </span>
     <span class='ocr_line' id='line_1_9' title="bbox 139 660 856 707; baseline -0.006 -10"><span class='ocrx_word' id='word_1_58' title='bbox 139 662 450 707; x_wconf 81' lang='lat' dir='ltr'>Hierosolymam)</span> <span class='ocrx_word' id='word_1_59' title='bbox 466 673 500 698; x_wconf 65' lang='lat' dir='ltr'>g:</span> <span class='ocrx_word' id='word_1_60' title='bbox 514 660 765 705; x_wconf 79' lang='lat' dir='ltr'>hierosolyma</span> <span class='ocrx_word' id='word_1_61' title='bbox 783 660 856 696; x_wconf 76' lang='grc' dir='ltr'>Νςῖ</span> 
     </span>
     <span class='ocr_line' id='line_1_10' title="bbox 140 715 853 763; baseline -0.004 -11"><span class='ocrx_word' id='word_1_62' title='bbox 140 718 419 763; x_wconf 81' lang='lat' dir='ltr'>Hierosolymae</span> <span class='ocrx_word' id='word_1_63' title='bbox 443 717 607 760; x_wconf 75' lang='lat' dir='ltr'>Francos.</span> <span class='ocrx_word' id='word_1_64' title='bbox 632 717 748 760; x_wconf 71' lang='lat'>157811</span> <span class='ocrx_word' id='word_1_65' title='bbox 765 715 853 750; x_wconf 87' lang='lat' dir='ltr'>CIII</span> 
     </span>
     <span class='ocr_line' id='line_1_11' title="bbox 141 772 852 818; baseline -0.004 -10"><span class='ocrx_word' id='word_1_66' title='bbox 141 775 251 818; x_wconf 80' lang='lat' dir='ltr'>clam]</span> <span class='ocrx_word' id='word_1_67' title='bbox 265 775 324 808; x_wconf 75' lang='lat' dir='ltr'>kb:</span> <span class='ocrx_word' id='word_1_68' title='bbox 338 785 421 808; x_wconf 89' lang='lat' dir='ltr'>eum</span> <span class='ocrx_word' id='word_1_69' title='bbox 434 774 491 810; x_wconf 72' lang='grc' dir='ltr'>Νς</span> <span class='ocrx_word' id='word_1_70' title='bbox 503 775 527 817; x_wconf 75' lang='grc' dir='ltr'>-ἰ-</span> <span class='ocrx_word' id='word_1_71' title='bbox 541 784 622 807; x_wconf 88' lang='lat' dir='ltr'>cum</span> <span class='ocrx_word' id='word_1_72' title='bbox 636 774 649 806; x_wconf 79' lang='lat' dir='ltr'>i</span> <span class='ocrx_word' id='word_1_73' title='bbox 673 773 684 817; x_wconf 99' lang='grc' dir='ltr'>Η</span> <span class='ocrx_word' id='word_1_74' title='bbox 704 783 786 806; x_wconf 88' lang='lat' dir='ltr'>eum</span> <span class='ocrx_word' id='word_1_75' title='bbox 800 772 852 805; x_wconf 88' lang='lat' dir='ltr'>in-</span> 
     </span>
     <span class='ocr_line' id='line_1_12' title="bbox 140 828 849 874; baseline -0.004 -10"><span class='ocrx_word' id='word_1_76' title='bbox 140 834 286 874; x_wconf 81' lang='lat' dir='ltr'>trasset,</span> <span class='ocrx_word' id='word_1_77' title='bbox 306 840 455 864; x_wconf 78' lang='lat' dir='ltr'>uxorem</span> <span class='ocrx_word' id='word_1_78' title='bbox 473 831 502 864; x_wconf 89' lang='lat' dir='ltr'>I.</span> <span class='ocrx_word' id='word_1_79' title='bbox 519 830 557 863; x_wconf 92' lang='lat' dir='ltr'>F.</span> <span class='ocrx_word' id='word_1_80' title='bbox 576 830 638 864; x_wconf 82' lang='lat' dir='ltr'>Gr.</span> <span class='ocrx_word' id='word_1_81' title='bbox 659 830 670 874; x_wconf 97' lang='grc' dir='ltr'>Η</span> <span class='ocrx_word' id='word_1_82' title='bbox 693 828 849 871; x_wconf 82' lang='lat' dir='ltr'>Metelli]</span> 
     </span>
     <span class='ocr_line' id='line_1_13' title="bbox 141 884 852 931; baseline -0.004 -11"><span class='ocrx_word' id='word_1_83' title='bbox 141 888 232 931; x_wconf 48' lang='lat' dir='ltr'><em>Siga:</em></span> <span class='ocrx_word' id='word_1_84' title='bbox 257 886 405 920; x_wconf 79' lang='lat' dir='ltr'>maximi</span> <span class='ocrx_word' id='word_1_85' title='bbox 424 885 687 919; x_wconf 64' lang='lat' dir='ltr'>lib1·i*maximi</span> <span class='ocrx_word' id='word_1_86' title='bbox 707 885 744 930; x_wconf 79' lang='grc' dir='ltr'>ἰΗ</span> <span class='ocrx_word' id='word_1_87' title='bbox 769 884 852 918; x_wconf 85' lang='lat' dir='ltr'>mis-</span> 
     </span>
     <span class='ocr_line' id='line_1_14' title="bbox 142 940 852 987; baseline -0.003 -11"><span class='ocrx_word' id='word_1_88' title='bbox 142 954 201 976; x_wconf 86' lang='lat' dir='ltr'>sus</span> <span class='ocrx_word' id='word_1_89' title='bbox 221 950 276 977; x_wconf 78' lang='lat' dir='ltr'>est</span> <span class='ocrx_word' id='word_1_90' title='bbox 294 942 364 987; x_wconf 59' lang='grc' dir='ltr'>(ςὲ)</span> <span class='ocrx_word' id='word_1_91' title='bbox 384 954 433 986; x_wconf 68' lang='lat' dir='ltr'>vy.</span> <span class='ocrx_word' id='word_1_92' title='bbox 454 942 467 974; x_wconf 82' lang='lat' dir='ltr'><em>i</em></span> <span class='ocrx_word' id='word_1_93' title='bbox 489 943 499 985; x_wconf 93' lang='grc' dir='ltr'>Η</span> <span class='ocrx_word' id='word_1_94' title='bbox 524 941 569 975; x_wconf 89' lang='lat' dir='ltr'>de</span> <span class='ocrx_word' id='word_1_95' title='bbox 595 960 629 974; x_wconf 60' lang='lat' dir='ltr'>m&lt;</span> <span class='ocrx_word' id='word_1_96' title='bbox 647 941 772 975; x_wconf 83' lang='lat' dir='ltr'>liberis</span> <span class='ocrx_word' id='word_1_97' title='bbox 786 940 852 974; x_wconf 79' lang='lat' dir='ltr'>Mi-</span> 
     </span>
     <span class='ocr_line' id='line_1_15' title="bbox 142 997 852 1042; baseline -0.004 -9"><span class='ocrx_word' id='word_1_98' title='bbox 142 999 311 1033; x_wconf 81' lang='lat' dir='ltr'>thridatis</span> <span class='ocrx_word' id='word_1_99' title='bbox 331 998 377 1032; x_wconf 85' lang='lat' dir='ltr'><strong><em>W</em></strong></span> <span class='ocrx_word' id='word_1_100' title='bbox 387 998 431 1041; x_wconf 83' lang='lat' dir='ltr'>cf.</span> <span class='ocrx_word' id='word_1_101' title='bbox 446 999 475 1032; x_wconf 90' lang='lat' dir='ltr'>I.</span> <span class='ocrx_word' id='word_1_102' title='bbox 485 998 522 1031; x_wconf 90' lang='lat' dir='ltr'>F.</span> <span class='ocrx_word' id='word_1_103' title='bbox 536 998 597 1032; x_wconf 77' lang='lat' dir='ltr'>Gr.</span> <span class='ocrx_word' id='word_1_104' title='bbox 617 998 628 1042; x_wconf 97' lang='grc' dir='ltr'>Η</span> <span class='ocrx_word' id='word_1_105' title='bbox 648 997 758 1032; x_wconf 86' lang='lat' dir='ltr'>CIIII</span> <span class='ocrx_word' id='word_1_106' title='bbox 771 1007 852 1031; x_wconf 77' lang='lat' dir='ltr'>exo-</span> 
     </span>
     <span class='ocr_line' id='line_1_16' title="bbox 141 1054 852 1098; baseline -0.003 -10"><span class='ocrx_word' id='word_1_107' title='bbox 141 1058 264 1097; x_wconf 80' lang='lat' dir='ltr'>rante]</span> <span class='ocrx_word' id='word_1_108' title='bbox 284 1055 426 1098; x_wconf 72' lang='lat' dir='ltr'>scrz&#39;psz&#39;;</span> <span class='ocrx_word' id='word_1_109' title='bbox 449 1055 559 1088; x_wconf 74' lang='lat' dir='ltr'>itidem</span> <span class='ocrx_word' id='word_1_110' title='bbox 573 1056 613 1087; x_wconf 76' lang='lat' dir='ltr'>ci.</span> <span class='ocrx_word' id='word_1_111' title='bbox 630 1055 695 1087; x_wconf 76' lang='lat' dir='ltr'>Dr.</span> <span class='ocrx_word' id='word_1_112' title='bbox 714 1054 750 1086; x_wconf 77' lang='lat' dir='ltr'>h:</span> <span class='ocrx_word' id='word_1_113' title='bbox 772 1064 852 1087; x_wconf 75' lang='lat' dir='ltr'>exe-</span> 
     </span>
     <span class='ocr_line' id='line_1_17' title="bbox 141 1110 853 1147; baseline -0.003 -3"><span class='ocrx_word' id='word_1_114' title='bbox 141 1115 243 1146; x_wconf 81' lang='lat' dir='ltr'>rente</span> <span class='ocrx_word' id='word_1_115' title='bbox 270 1111 327 1147; x_wconf 61' lang='lat' dir='ltr'><em>ng</em></span> <span class='ocrx_word' id='word_1_116' title='bbox 351 1113 543 1144; x_wconf 78' lang='lat' dir='ltr'>exercente</span> <span class='ocrx_word' id='word_1_117' title='bbox 569 1116 599 1143; x_wconf 83' lang='lat' dir='ltr'>et</span> <span class='ocrx_word' id='word_1_118' title='bbox 628 1110 799 1143; x_wconf 76' lang='lat' dir='ltr'>hortante</span> <span class='ocrx_word' id='word_1_119' title='bbox 824 1115 853 1142; x_wconf 80' lang='lat' dir='ltr'>et</span> 
     </span>
     <span class='ocr_line' id='line_1_18' title="bbox 143 1167 852 1211; baseline -0.001 -9"><span class='ocrx_word' id='word_1_120' title='bbox 143 1171 271 1202; x_wconf 82' lang='lat' dir='ltr'>orante</span> <span class='ocrx_word' id='word_1_121' title='bbox 298 1181 316 1203; x_wconf 82' lang='grc' dir='ltr'><em>ς</em></span> <span class='ocrx_word' id='word_1_122' title='bbox 339 1178 397 1200; x_wconf 86' lang='lat' dir='ltr'>res</span> <span class='ocrx_word' id='word_1_123' title='bbox 423 1169 575 1211; x_wconf 84' lang='lat' dir='ltr'>gerente</span> <span class='ocrx_word' id='word_1_124' title='bbox 595 1167 607 1199; x_wconf 75' lang='grc' dir='ltr'><em>ἰ</em></span> <span class='ocrx_word' id='word_1_125' title='bbox 629 1168 640 1209; x_wconf 96' lang='grc' dir='ltr'>Η</span> <span class='ocrx_word' id='word_1_126' title='bbox 665 1168 815 1211; x_wconf 80' lang='lat' dir='ltr'>agente]</span> <span class='ocrx_word' id='word_1_127' title='bbox 837 1180 852 1201; x_wconf 73' lang='grc' dir='ltr'><strong><em>ς</em></strong></span> 
     </span>
    </p>
   </div>
   <div class='ocr_carea' id='block_1_3' title="bbox 141 1221 866 1328">
    <p class='ocr_par' dir='ltr' id='par_1_3' title="bbox 141 1221 866 1328">
     <span class='ocr_line' id='line_1_19' title="bbox 142 1221 866 1266; baseline -0.003 -10"><span class='ocrx_word' id='word_1_128' title='bbox 142 1226 251 1257; x_wconf 72' lang='lat' dir='ltr'>unus?</span> <span class='ocrx_word' id='word_1_129' title='bbox 277 1236 295 1256; x_wconf 85' lang='lat'>7·</span> <span class='ocrx_word' id='word_1_130' title='bbox 314 1224 403 1266; x_wconf 62' lang='lat' dir='ltr'>Sisy..-</span> <span class='ocrx_word' id='word_1_131' title='bbox 431 1234 494 1255; x_wconf 83' lang='lat' dir='ltr'>om.</span> <span class='ocrx_word' id='word_1_132' title='bbox 516 1223 589 1258; x_wconf 70' lang='grc' dir='ltr'>Νςί</span> <span class='ocrx_word' id='word_1_133' title='bbox 601 1223 611 1266; x_wconf 85' lang='grc' dir='ltr'>Η</span> <span class='ocrx_word' id='word_1_134' title='bbox 638 1232 752 1266; x_wconf 85' lang='lat' dir='ltr'>regno</span> <span class='ocrx_word' id='word_1_135' title='bbox 770 1221 866 1257; x_wconf 71' lang='lat' dir='ltr'>reli-.</span> 
     </span>
     <span class='ocr_line' id='line_1_20' title="bbox 141 1277 866 1328; baseline -0.004 -16"><span class='ocrx_word' id='word_1_136' title='bbox 141 1282 215 1322; x_wconf 84' lang='lat' dir='ltr'>cto]</span> <span class='ocrx_word' id='word_1_137' title='bbox 237 1281 274 1312; x_wconf 76' lang='lat' dir='ltr'>lc:</span> <span class='ocrx_word' id='word_1_138' title='bbox 294 1288 408 1324; x_wconf 86' lang='lat' dir='ltr'>regno</span> <span class='ocrx_word' id='word_1_139' title='bbox 425 1278 466 1312; x_wconf 80' lang='lat' dir='ltr'><em>N</em></span> <span class='ocrx_word' id='word_1_140' title='bbox 482 1288 596 1322; x_wconf 81' lang='lat' dir='ltr'>regno</span> <span class='ocrx_word' id='word_1_141' title='bbox 614 1277 741 1321; x_wconf 83' lang='lat' dir='ltr'>pulsus</span> <span class='ocrx_word' id='word_1_142' title='bbox 755 1291 772 1313; x_wconf 84' lang='grc' dir='ltr'><em>ς</em></span> <span class='ocrx_word' id='word_1_143' title='bbox 789 1289 866 1328; x_wconf 73' lang='grc' dir='ltr'>οἰη.ί</span> 
     </span>
    </p>
   </div>
   <div class='ocr_carea' id='block_1_4' title="bbox 141 1333 857 2668">
    <p class='ocr_par' dir='ltr' id='par_1_4' title="bbox 141 1333 857 2668">
     <span class='ocr_line' id='line_1_21' title="bbox 141 1333 853 1379; baseline -0.001 -12"><span class='ocrx_word' id='word_1_144' title='bbox 141 1349 158 1371; x_wconf 82' lang='grc' dir='ltr'><em>ς</em></span> <span class='ocrx_word' id='word_1_145' title='bbox 171 1346 259 1368; x_wconf 75' lang='lat' dir='ltr'>unus</span> <span class='ocrx_word' id='word_1_146' title='bbox 273 1345 388 1379; x_wconf 84' lang='lat' dir='ltr'>regno</span> <span class='ocrx_word' id='word_1_147' title='bbox 402 1336 442 1367; x_wconf 65' lang='lat' dir='ltr'>*i</span> <span class='ocrx_word' id='word_1_148' title='bbox 460 1335 470 1376; x_wconf 93' lang='grc' dir='ltr'>Η</span> <span class='ocrx_word' id='word_1_149' title='bbox 486 1333 551 1368; x_wconf 93' lang='lat' dir='ltr'>CV</span> <span class='ocrx_word' id='word_1_150' title='bbox 563 1333 701 1367; x_wconf 88' lang='lat' dir='ltr'>bellum</span> <span class='ocrx_word' id='word_1_151' title='bbox 714 1333 853 1367; x_wconf 82' lang='lat' dir='ltr'>caesari</span> 
     </span>
     <span class='ocr_line' id='line_1_22' title="bbox 142 1389 854 1435; baseline -0.006 -10"><span class='ocrx_word' id='word_1_152' title='bbox 142 1390 258 1435; x_wconf 81' lang='lat' dir='ltr'>gallia</span> <span class='ocrx_word' id='word_1_153' title='bbox 278 1394 315 1425; x_wconf 83' lang='lat' dir='ltr'>et</span> <span class='ocrx_word' id='word_1_154' title='bbox 328 1390 518 1435; x_wconf 79' lang='lat' dir='ltr'>germania</span> <span class='ocrx_word' id='word_1_155' title='bbox 538 1389 722 1423; x_wconf 74' lang='lat' dir='ltr'>dabantur</span> <span class='ocrx_word' id='word_1_156' title='bbox 735 1403 752 1425; x_wconf 86' lang='grc' dir='ltr'><em>ς</em></span> <span class='ocrx_word' id='word_1_157' title='bbox 765 1401 854 1421; x_wconf 79' lang='lat' dir='ltr'>unus</span> 
     </span>
     <span class='ocr_line' id='line_1_23' title="bbox 141 1445 852 1488; baseline -0.004 -8"><span class='ocrx_word' id='word_1_158' title='bbox 141 1448 266 1480; x_wconf 69' lang='lat' dir='ltr'>alterve</span> <span class='ocrx_word' id='word_1_159' title='bbox 279 1459 297 1479; x_wconf 86' lang='lat' dir='ltr'>r</span> <span class='ocrx_word' id='word_1_160' title='bbox 306 1446 349 1488; x_wconf 87' lang='lat' dir='ltr'>cf.</span> <span class='ocrx_word' id='word_1_161' title='bbox 359 1448 453 1479; x_wconf 68' lang='lat' dir='ltr'><em>Duk.</em></span> <span class='ocrx_word' id='word_1_162' title='bbox 463 1447 652 1479; x_wconf 58' lang='lat' dir='ltr'>Blommsen</span> <span class='ocrx_word' id='word_1_163' title='bbox 659 1445 725 1478; x_wconf 71' lang='lat' dir='ltr'>ium</span> <span class='ocrx_word' id='word_1_164' title='bbox 734 1455 852 1478; x_wconf 82' lang='lat' dir='ltr'>comm.</span> 
     </span>
     <span class='ocr_line' id='line_1_24' title="bbox 141 1501 852 1546; baseline -0.003 -10"><span class='ocrx_word' id='word_1_165' title='bbox 141 1515 207 1536; x_wconf 81' lang='lat' dir='ltr'>soc.</span> <span class='ocrx_word' id='word_1_166' title='bbox 222 1504 294 1536; x_wconf 73' lang='lat' dir='ltr'>hist.</span> <span class='ocrx_word' id='word_1_167' title='bbox 305 1503 389 1546; x_wconf 72' lang='lat' dir='ltr'>phil.</span> <span class='ocrx_word' id='word_1_168' title='bbox 411 1502 504 1535; x_wconf 70' lang='lat' dir='ltr'>Vrat.</span> <span class='ocrx_word' id='word_1_169' title='bbox 519 1512 577 1545; x_wconf 74' lang='lat' dir='ltr'>lp.</span> <span class='ocrx_word' id='word_1_170' title='bbox 592 1501 637 1535; x_wconf 79' lang='lat'>40</span> <span class='ocrx_word' id='word_1_171' title='bbox 650 1514 682 1534; x_wconf 80' lang='lat' dir='ltr'>n.</span> <span class='ocrx_word' id='word_1_172' title='bbox 698 1501 782 1544; x_wconf 72' lang='lat'>1043</span> <span class='ocrx_word' id='word_1_173' title='bbox 807 1503 852 1534; x_wconf 75' lang='lat' dir='ltr'>al.</span> 
     </span>
     <span class='ocr_line' id='line_1_25' title="bbox 141 1557 850 1602; baseline -0.003 -9"><span class='ocrx_word' id='word_1_174' title='bbox 141 1560 183 1592; x_wconf 71' lang='lat' dir='ltr'>A.</span> <span class='ocrx_word' id='word_1_175' title='bbox 205 1558 256 1593; x_wconf 86' lang='lat' dir='ltr'>W.</span> <span class='ocrx_word' id='word_1_176' title='bbox 272 1559 452 1602; x_wconf 71' lang='lat' dir='ltr'>Zumplz&#39;us</span> <span class='ocrx_word' id='word_1_177' title='bbox 475 1559 562 1591; x_wconf 76' lang='lat' dir='ltr'>stud.</span> <span class='ocrx_word' id='word_1_178' title='bbox 589 1558 687 1591; x_wconf 79' lang='lat' dir='ltr'>Rom.</span> <span class='ocrx_word' id='word_1_179' title='bbox 709 1569 746 1602; x_wconf 84' lang='lat' dir='ltr'>p.</span> <span class='ocrx_word' id='word_1_180' title='bbox 766 1557 811 1591; x_wconf 81' lang='lat'>81</span> <span class='ocrx_word' id='word_1_181' title='bbox 839 1559 850 1602; x_wconf 92' lang='grc' dir='ltr'>Η</span> 
     </span>
     <span class='ocr_line' id='line_1_26' title="bbox 142 1613 854 1660; baseline -0.004 -11"><span class='ocrx_word' id='word_1_182' title='bbox 142 1614 306 1660; x_wconf 56' lang='lat' dir='ltr'>(caesim</span> <span class='ocrx_word' id='word_1_183' title='bbox 331 1615 471 1659; x_wconf 71' lang='lat' dir='ltr'>scripsi:</span> <span class='ocrx_word' id='word_1_184' title='bbox 496 1613 613 1648; x_wconf 81' lang='lat' dir='ltr'>caesis</span> <span class='ocrx_word' id='word_1_185' title='bbox 638 1614 697 1650; x_wconf 81' lang='grc' dir='ltr'>Νς</span> <span class='ocrx_word' id='word_1_186' title='bbox 721 1613 854 1648; x_wconf 82' lang='lat' dir='ltr'>caesis-</span> 
     </span>
     <span class='ocr_line' id='line_1_27' title="bbox 143 1668 854 1715; baseline 0 -11"><span class='ocrx_word' id='word_1_187' title='bbox 143 1681 212 1715; x_wconf 85' lang='lat' dir='ltr'>que</span> <span class='ocrx_word' id='word_1_188' title='bbox 229 1684 267 1707; x_wconf 72' lang='grc' dir='ltr'>ςν</span> <span class='ocrx_word' id='word_1_189' title='bbox 288 1670 342 1715; x_wconf 73' lang='lat' dir='ltr'>(cle</span> <span class='ocrx_word' id='word_1_190' title='bbox 359 1684 377 1707; x_wconf 84' lang='grc' dir='ltr'><em>ς</em></span> <span class='ocrx_word' id='word_1_191' title='bbox 396 1671 441 1714; x_wconf 85' lang='lat' dir='ltr'>cf.</span> <span class='ocrx_word' id='word_1_192' title='bbox 458 1677 640 1715; x_wconf 74' lang='lat' dir='ltr'>praeterea</span> <span class='ocrx_word' id='word_1_193' title='bbox 660 1669 744 1713; x_wconf 78' lang='lat' dir='ltr'>Dr.)</span> <span class='ocrx_word' id='word_1_194' title='bbox 763 1668 854 1704; x_wconf 80' lang='lat' dir='ltr'>Cae—</span> 
     </span>
     <span class='ocr_line' id='line_1_28' title="bbox 141 1726 852 1771; baseline 0 -11"><span class='ocrx_word' id='word_1_195' title='bbox 141 1727 233 1761; x_wconf 78' lang='lat' dir='ltr'>sari</span> <span class='ocrx_word' id='word_1_196' title='bbox 259 1728 270 1770; x_wconf 92' lang='grc' dir='ltr'>Η</span> <span class='ocrx_word' id='word_1_197' title='bbox 300 1726 386 1761; x_wconf 86' lang='lat' dir='ltr'>CVI</span> <span class='ocrx_word' id='word_1_198' title='bbox 409 1737 497 1771; x_wconf 86' lang='lat' dir='ltr'>rege</span> <span class='ocrx_word' id='word_1_199' title='bbox 523 1727 600 1759; x_wconf 76' lang='lat' dir='ltr'>add.</span> <span class='ocrx_word' id='word_1_200' title='bbox 621 1728 650 1760; x_wconf 91' lang='lat' dir='ltr'>I.</span> <span class='ocrx_word' id='word_1_201' title='bbox 665 1727 702 1759; x_wconf 83' lang='lat' dir='ltr'>F.</span> <span class='ocrx_word' id='word_1_202' title='bbox 721 1727 803 1769; x_wconf 80' lang='lat' dir='ltr'><em>G1·.3</em></span> <span class='ocrx_word' id='word_1_203' title='bbox 827 1726 852 1768; x_wconf 85' lang='lat' dir='ltr'>f.</span> 
     </span>
     <span class='ocr_line' id='line_1_29' title="bbox 142 1782 852 1828; baseline -0.001 -12"><span class='ocrx_word' id='word_1_204' title='bbox 142 1782 373 1828; x_wconf 82' lang='lat' dir='ltr'>Ambiorige,</span> <span class='ocrx_word' id='word_1_205' title='bbox 397 1785 518 1828; x_wconf 84' lang='lat' dir='ltr'>[rege]</span> <span class='ocrx_word' id='word_1_206' title='bbox 538 1782 769 1826; x_wconf 78' lang='lat' dir='ltr'>Eburonum,</span> <span class='ocrx_word' id='word_1_207' title='bbox 790 1782 852 1816; x_wconf 87' lang='lat' dir='ltr'>du-</span> 
     </span>
     <span class='ocr_line' id='line_1_30' title="bbox 143 1838 854 1883; baseline 0 -11"><span class='ocrx_word' id='word_1_208' title='bbox 143 1841 207 1873; x_wconf 76' lang='lat' dir='ltr'>ce?</span> <span class='ocrx_word' id='word_1_209' title='bbox 226 1838 237 1882; x_wconf 96' lang='grc' dir='ltr'>Η</span> <span class='ocrx_word' id='word_1_210' title='bbox 255 1838 563 1882; x_wconf 87' lang='lat' dir='ltr'>CVIIPompeius</span> <span class='ocrx_word' id='word_1_211' title='bbox 576 1838 854 1883; x_wconf 64' lang='lat' dir='ltr'>legatusgpom-</span> 
     </span>
     <span class='ocr_line' id='line_1_31' title="bbox 142 1894 854 1939; baseline 0 -11"><span class='ocrx_word' id='word_1_212' title='bbox 142 1894 225 1938; x_wconf 89' lang='lat' dir='ltr'>peio</span> <span class='ocrx_word' id='word_1_213' title='bbox 246 1894 371 1939; x_wconf 82' lang='lat' dir='ltr'>legato</span> <span class='ocrx_word' id='word_1_214' title='bbox 385 1894 442 1930; x_wconf 80' lang='grc' dir='ltr'>Νς</span> <span class='ocrx_word' id='word_1_215' title='bbox 460 1896 470 1937; x_wconf 92' lang='grc' dir='ltr'>Η</span> <span class='ocrx_word' id='word_1_216' title='bbox 487 1894 686 1938; x_wconf 89' lang='lat' dir='ltr'>Pompeius</span> <span class='ocrx_word' id='word_1_217' title='bbox 707 1894 854 1939; x_wconf 78' lang='lat' dir='ltr'>delega-</span> 
     </span>
     <span class='ocr_line' id='line_1_32' title="bbox 143 1950 854 1996; baseline -0.001 -12"><span class='ocrx_word' id='word_1_218' title='bbox 143 1956 202 1984; x_wconf 86' lang='lat' dir='ltr'>tus</span> <span class='ocrx_word' id='word_1_219' title='bbox 222 1950 268 1984; x_wconf 82' lang='lat' dir='ltr'>ab</span> <span class='ocrx_word' id='word_1_220' title='bbox 289 1951 329 1996; x_wconf 77' lang='lat' dir='ltr'>(s.</span> <span class='ocrx_word' id='word_1_221' title='bbox 344 1952 496 1995; x_wconf 81' lang='lat' dir='ltr'>rogatus</span> <span class='ocrx_word' id='word_1_222' title='bbox 516 1950 551 1994; x_wconf 79' lang='lat' dir='ltr'>a)</span> <span class='ocrx_word' id='word_1_223' title='bbox 566 1954 697 1983; x_wconf 67' lang='lat' dir='ltr'>senatu</span> <span class='ocrx_word' id='word_1_224' title='bbox 716 1953 753 1984; x_wconf 83' lang='lat' dir='ltr'>et</span> <span class='ocrx_word' id='word_1_225' title='bbox 771 1961 854 1984; x_wconf 90' lang='lat' dir='ltr'>con-</span> 
     </span>
     <span class='ocr_line' id='line_1_33' title="bbox 144 2004 855 2050; baseline -0.003 -10"><span class='ocrx_word' id='word_1_226' title='bbox 144 2007 201 2040; x_wconf 87' lang='lat' dir='ltr'>sul</span> <span class='ocrx_word' id='word_1_227' title='bbox 212 2008 242 2040; x_wconf 88' lang='lat' dir='ltr'>I.</span> <span class='ocrx_word' id='word_1_228' title='bbox 257 2007 294 2040; x_wconf 85' lang='lat' dir='ltr'>F.</span> <span class='ocrx_word' id='word_1_229' title='bbox 312 2007 374 2040; x_wconf 79' lang='lat' dir='ltr'>Gr.</span> <span class='ocrx_word' id='word_1_230' title='bbox 400 2006 411 2050; x_wconf 96' lang='grc' dir='ltr'>Η</span> <span class='ocrx_word' id='word_1_231' title='bbox 437 2004 607 2050; x_wconf 82' lang='lat' dir='ltr'>contigit]</span> <span class='ocrx_word' id='word_1_232' title='bbox 624 2012 654 2038; x_wconf 81' lang='lat' dir='ltr'>et</span> <span class='ocrx_word' id='word_1_233' title='bbox 674 2005 809 2039; x_wconf 83' lang='lat' dir='ltr'>accidit</span> <span class='ocrx_word' id='word_1_234' title='bbox 822 2018 855 2041; x_wconf 72' lang='grc' dir='ltr'>ςι</span> 
     </span>
     <span class='ocr_line' id='line_1_34' title="bbox 144 2061 855 2106; baseline 0 -12"><span class='ocrx_word' id='word_1_235' title='bbox 144 2075 208 2096; x_wconf 84' lang='lat' dir='ltr'>om.</span> <span class='ocrx_word' id='word_1_236' title='bbox 230 2063 320 2095; x_wconf 51' lang='lat' dir='ltr'>Nn</span> <span class='ocrx_word' id='word_1_237' title='bbox 340 2062 351 2106; x_wconf 94' lang='grc' dir='ltr'>Η</span> <span class='ocrx_word' id='word_1_238' title='bbox 378 2061 523 2096; x_wconf 84' lang='lat' dir='ltr'>CVIIII</span> <span class='ocrx_word' id='word_1_239' title='bbox 542 2061 591 2094; x_wconf 71' lang='lat' dir='ltr'>M,</span> <span class='ocrx_word' id='word_1_240' title='bbox 612 2061 795 2094; x_wconf 82' lang='lat' dir='ltr'>Antonius</span> <span class='ocrx_word' id='word_1_241' title='bbox 820 2064 855 2095; x_wconf 82' lang='lat' dir='ltr'>et</span> 
     </span>
     <span class='ocr_line' id='line_1_35' title="bbox 145 2116 788 2162; baseline -0.003 -10"><span class='ocrx_word' id='word_1_242' title='bbox 145 2118 187 2159; x_wconf 84' lang='lat' dir='ltr'>Q.</span> <span class='ocrx_word' id='word_1_243' title='bbox 204 2118 355 2152; x_wconf 80' lang='lat' dir='ltr'>Crassus</span> <span class='ocrx_word' id='word_1_244' title='bbox 374 2121 419 2151; x_wconf 83' lang='lat' dir='ltr'>tr.</span> <span class='ocrx_word' id='word_1_245' title='bbox 438 2117 487 2162; x_wconf 90' lang='lat' dir='ltr'>pl.</span> <span class='ocrx_word' id='word_1_246' title='bbox 573 2116 670 2161; x_wconf 84' lang='lat' dir='ltr'>pulsi</span> <span class='ocrx_word' id='word_1_247' title='bbox 693 2119 788 2160; x_wconf 81' lang='lat' dir='ltr'>sunt,</span> 
     </span>
     <span class='ocr_line' id='line_1_36' title="bbox 144 2173 855 2219; baseline -0.004 -11"><span class='ocrx_word' id='word_1_248' title='bbox 144 2178 293 2219; x_wconf 81' lang='lat' dir='ltr'>caperet</span> <span class='ocrx_word' id='word_1_249' title='bbox 307 2201 314 2207; x_wconf 89' lang='lat'>.</span> <span class='ocrx_word' id='word_1_250' title='bbox 330 2176 343 2207; x_wconf 80' lang='grc' dir='ltr'>ι’</span> <span class='ocrx_word' id='word_1_251' title='bbox 361 2176 371 2218; x_wconf 89' lang='grc' dir='ltr'>Η</span> <span class='ocrx_word' id='word_1_252' title='bbox 387 2186 430 2208; x_wconf 82' lang='lat' dir='ltr'>ex</span> <span class='ocrx_word' id='word_1_253' title='bbox 443 2174 648 2216; x_wconf 86' lang='lat' dir='ltr'>hostilibus]</span> <span class='ocrx_word' id='word_1_254' title='bbox 670 2185 724 2210; x_wconf 64' lang='lat' dir='ltr'>gr:</span> <span class='ocrx_word' id='word_1_255' title='bbox 744 2173 855 2206; x_wconf 84' lang='lat' dir='ltr'>hosti-</span> 
     </span>
     <span class='ocr_line' id='line_1_37' title="bbox 144 2229 856 2274; baseline -0.003 -10"><span class='ocrx_word' id='word_1_256' title='bbox 144 2231 211 2264; x_wconf 92' lang='lat' dir='ltr'>bus</span> <span class='ocrx_word' id='word_1_257' title='bbox 224 2231 298 2267; x_wconf 68' lang='lat' dir='ltr'>Ngz&#39;</span> <span class='ocrx_word' id='word_1_258' title='bbox 308 2230 466 2264; x_wconf 86' lang='lat' dir='ltr'>hostium</span> <span class='ocrx_word' id='word_1_259' title='bbox 479 2244 495 2266; x_wconf 80' lang='grc' dir='ltr'><em>ς</em></span> <span class='ocrx_word' id='word_1_260' title='bbox 511 2230 522 2274; x_wconf 97' lang='grc' dir='ltr'>Η</span> <span class='ocrx_word' id='word_1_261' title='bbox 542 2229 629 2264; x_wconf 97' lang='lat' dir='ltr'>CXI</span> <span class='ocrx_word' id='word_1_262' title='bbox 642 2229 856 2266; x_wconf 55' lang='lat' dir='ltr'>Varrianisff</span> 
     </span>
     <span class='ocr_line' id='line_1_38' title="bbox 144 2285 854 2321; baseline -0.004 -1"><span class='ocrx_word' id='word_1_263' title='bbox 144 2299 231 2320; x_wconf 79' lang='lat' dir='ltr'>unus</span> <span class='ocrx_word' id='word_1_264' title='bbox 244 2286 420 2321; x_wconf 81' lang='lat' dir='ltr'>Varronis</span> <span class='ocrx_word' id='word_1_265' title='bbox 434 2288 485 2319; x_wconf 70' lang='lat' dir='ltr'>vel</span> <span class='ocrx_word' id='word_1_266' title='bbox 497 2285 737 2320; x_wconf 82' lang='lat' dir='ltr'>Varronianis</span> <span class='ocrx_word' id='word_1_267' title='bbox 750 2287 779 2319; x_wconf 88' lang='lat' dir='ltr'>I.</span> <span class='ocrx_word' id='word_1_268' title='bbox 792 2287 854 2319; x_wconf 82' lang='lat' dir='ltr'>Gr.</span> 
     </span>
     <span class='ocr_line' id='line_1_39' title="bbox 151 2341 854 2386; baseline -0.001 -11"><span class='ocrx_word' id='word_1_269' title='bbox 151 2345 162 2386; x_wconf 93' lang='grc' dir='ltr'>Η</span> <span class='ocrx_word' id='word_1_270' title='bbox 182 2341 290 2376; x_wconf 84' lang='lat' dir='ltr'>CXII</span> <span class='ocrx_word' id='word_1_271' title='bbox 311 2342 471 2375; x_wconf 85' lang='lat' dir='ltr'>offensus</span> <span class='ocrx_word' id='word_1_272' title='bbox 491 2346 547 2375; x_wconf 86' lang='lat' dir='ltr'>est</span> <span class='ocrx_word' id='word_1_273' title='bbox 564 2342 640 2375; x_wconf 73' lang='lat' dir='ltr'>LF.</span> <span class='ocrx_word' id='word_1_274' title='bbox 653 2342 714 2375; x_wconf 85' lang='lat' dir='ltr'>Gr.</span> <span class='ocrx_word' id='word_1_275' title='bbox 735 2343 746 2384; x_wconf 97' lang='grc' dir='ltr'>Η</span> <span class='ocrx_word' id='word_1_276' title='bbox 770 2343 854 2384; x_wconf 89' lang='lat' dir='ltr'>nec]</span> 
     </span>
     <span class='ocr_line' id='line_1_40' title="bbox 145 2397 854 2442; baseline -0.003 -10"><span class='ocrx_word' id='word_1_277' title='bbox 145 2400 222 2433; x_wconf 75' lang='lat' dir='ltr'><em>add.</em></span> <span class='ocrx_word' id='word_1_278' title='bbox 236 2399 312 2433; x_wconf 77' lang='lat' dir='ltr'>LF.</span> <span class='ocrx_word' id='word_1_279' title='bbox 325 2399 406 2432; x_wconf 60' lang='lat' dir='ltr'>Gn:</span> <span class='ocrx_word' id='word_1_280' title='bbox 426 2409 490 2431; x_wconf 80' lang='lat' dir='ltr'>om.</span> <span class='ocrx_word' id='word_1_281' title='bbox 511 2398 615 2430; x_wconf 57' lang='lat' dir='ltr'>libri*</span> <span class='ocrx_word' id='word_1_282' title='bbox 628 2399 641 2430; x_wconf 76' lang='grc' dir='ltr'><em>ἱ</em></span> <span class='ocrx_word' id='word_1_283' title='bbox 653 2397 665 2442; x_wconf 95' lang='grc' dir='ltr'>Η</span> <span class='ocrx_word' id='word_1_284' title='bbox 689 2397 854 2440; x_wconf 84' lang='lat' dir='ltr'>Achilla]</span> 
     </span>
     <span class='ocr_line' id='line_1_41' title="bbox 144 2454 857 2499; baseline -0.003 -11"><span class='ocrx_word' id='word_1_285' title='bbox 144 2467 201 2499; x_wconf 67' lang='lat' dir='ltr'>vy:</span> <span class='ocrx_word' id='word_1_286' title='bbox 217 2454 386 2488; x_wconf 81' lang='lat' dir='ltr'>archelao</span> <span class='ocrx_word' id='word_1_287' title='bbox 401 2455 480 2487; x_wconf 65' lang='lat' dir='ltr'>libra·</span> <span class='ocrx_word' id='word_1_288' title='bbox 499 2455 509 2497; x_wconf 97' lang='grc' dir='ltr'>Η</span> <span class='ocrx_word' id='word_1_289' title='bbox 524 2454 772 2495; x_wconf 75' lang='lat' dir='ltr'>Pharnacem]</span> <span class='ocrx_word' id='word_1_290' title='bbox 786 2468 804 2490; x_wconf 81' lang='grc' dir='ltr'><strong><em>ς</em></strong></span> <span class='ocrx_word' id='word_1_291' title='bbox 818 2466 857 2486; x_wconf 64' lang='lat' dir='ltr'>er</span> 
     </span>
     <span class='ocr_line' id='line_1_42' title="bbox 144 2509 855 2555; baseline -0.003 -11"><span class='ocrx_word' id='word_1_292' title='bbox 144 2513 196 2544; x_wconf 78' lang='lat' dir='ltr'>sil.</span> <span class='ocrx_word' id='word_1_293' title='bbox 211 2512 279 2545; x_wconf 85' lang='lat' dir='ltr'>Dr.</span> <span class='ocrx_word' id='word_1_294' title='bbox 300 2510 402 2555; x_wconf 72' lang='lat' dir='ltr'><em>(vq.):</em></span> <span class='ocrx_word' id='word_1_295' title='bbox 426 2510 607 2554; x_wconf 76' lang='lat' dir='ltr'>prahaten</span> <span class='ocrx_word' id='word_1_296' title='bbox 623 2510 666 2542; x_wconf 70' lang='lat' dir='ltr'><strong><em>N</em></strong></span> <span class='ocrx_word' id='word_1_297' title='bbox 679 2509 855 2553; x_wconf 82' lang='lat' dir='ltr'>phrahar-</span> 
     </span>
     <span class='ocr_line' id='line_1_43' title="bbox 145 2566 854 2612; baseline -0.003 -12"><span class='ocrx_word' id='word_1_298' title='bbox 145 2571 219 2601; x_wconf 83' lang='lat' dir='ltr'>tem</span> <span class='ocrx_word' id='word_1_299' title='bbox 244 2580 263 2599; x_wconf 80' lang='lat' dir='ltr'>r</span> <span class='ocrx_word' id='word_1_300' title='bbox 283 2567 471 2601; x_wconf 75' lang='lat' dir='ltr'>Phraaten</span> <span class='ocrx_word' id='word_1_301' title='bbox 495 2566 527 2610; x_wconf 80' lang='grc' dir='ltr'>(ς</span> <span class='ocrx_word' id='word_1_302' title='bbox 545 2578 586 2599; x_wconf 70' lang='lat' dir='ltr'>ex</span> <span class='ocrx_word' id='word_1_303' title='bbox 604 2567 656 2599; x_wconf 72' lang='lat' dir='ltr'>sil.</span> <span class='ocrx_word' id='word_1_304' title='bbox 676 2567 701 2612; x_wconf 71' lang='lat' dir='ltr'>i)</span> <span class='ocrx_word' id='word_1_305' title='bbox 722 2567 750 2609; x_wconf 63' lang='grc' dir='ltr'>ἱ.)</span> <span class='ocrx_word' id='word_1_306' title='bbox 769 2566 795 2608; x_wconf 85' lang='lat' dir='ltr'>f.</span> <span class='ocrx_word' id='word_1_307' title='bbox 822 2567 854 2599; x_wconf 76' lang='grc' dir='ltr'>ιή</span> 
     </span>
     <span class='ocr_line' id='line_1_44' title="bbox 144 2623 854 2668; baseline 0 -13"><span class='ocrx_word' id='word_1_308' title='bbox 144 2629 286 2668; x_wconf 78' lang='lat' dir='ltr'>utroque</span> <span class='ocrx_word' id='word_1_309' title='bbox 298 2623 434 2657; x_wconf 77' lang='lat' dir='ltr'>nomine</span> <span class='ocrx_word' id='word_1_310' title='bbox 445 2634 597 2656; x_wconf 77' lang='lat' dir='ltr'>errorem</span> <span class='ocrx_word' id='word_1_311' title='bbox 611 2623 774 2656; x_wconf 65' lang='lat' dir='ltr'>commis-it</span> <span class='ocrx_word' id='word_1_312' title='bbox 784 2623 854 2667; x_wconf 76' lang='lat' dir='ltr'>epi-</span> 
     </span>
    </p>
   </div>
   <div class='ocr_carea' id='block_1_5' title="bbox 864 165 1596 2668">
    <p class='ocr_par' dir='ltr' id='par_1_5' title="bbox 864 165 1591 928">
     <span class='ocr_line' id='line_1_45' title="bbox 899 165 1583 193; baseline 0.003 -2"><span class='ocrx_word' id='word_1_313' title='bbox 899 165 1039 191; x_wconf 75' lang='lat' dir='ltr'>CXXVII.</span> <span class='ocrx_word' id='word_1_314' title='bbox 1557 167 1583 193; x_wconf 70' lang='lat' dir='ltr'>V</span> 
     </span>
     <span class='ocr_line' id='line_1_46' title="bbox 877 264 1586 311; baseline -0.004 -11"><span class='ocrx_word' id='word_1_315' title='bbox 877 272 1022 300; x_wconf 78' lang='lat' dir='ltr'>tomator</span> <span class='ocrx_word' id='word_1_316' title='bbox 1037 266 1049 311; x_wconf 91' lang='grc' dir='ltr'>Η</span> <span class='ocrx_word' id='word_1_317' title='bbox 1069 265 1197 300; x_wconf 87' lang='lat' dir='ltr'>CXIII</span> <span class='ocrx_word' id='word_1_318' title='bbox 1210 265 1446 301; x_wconf 85' lang='lat' dir='ltr'>deferebatur</span> <span class='ocrx_word' id='word_1_319' title='bbox 1459 264 1586 310; x_wconf 85' lang='lat' dir='ltr'>(impe-</span> 
     </span>
     <span class='ocr_line' id='line_1_47' title="bbox 875 321 1586 368; baseline -0.003 -12"><span class='ocrx_word' id='word_1_320' title='bbox 875 322 984 368; x_wconf 85' lang='lat' dir='ltr'>rium)</span> <span class='ocrx_word' id='word_1_321' title='bbox 1003 324 1074 366; x_wconf 65' lang='lat' dir='ltr'>Sisy.</span> <span class='ocrx_word' id='word_1_322' title='bbox 1093 323 1133 355; x_wconf 73' lang='lat' dir='ltr'>hb</span> <span class='ocrx_word' id='word_1_323' title='bbox 1147 321 1383 357; x_wconf 86' lang='lat' dir='ltr'>deferebatur</span> <span class='ocrx_word' id='word_1_324' title='bbox 1397 335 1415 358; x_wconf 84' lang='grc' dir='ltr'><strong><em>ς</em></strong></span> <span class='ocrx_word' id='word_1_325' title='bbox 1433 333 1520 355; x_wconf 81' lang='lat' dir='ltr'>unus</span> <span class='ocrx_word' id='word_1_326' title='bbox 1535 321 1586 354; x_wconf 85' lang='lat' dir='ltr'>al-</span> 
     </span>
     <span class='ocr_line' id='line_1_48' title="bbox 877 376 1586 424; baseline 0.001 -11"><span class='ocrx_word' id='word_1_327' title='bbox 877 381 988 413; x_wconf 72' lang='lat' dir='ltr'>terve?</span> <span class='ocrx_word' id='word_1_328' title='bbox 1013 379 1024 424; x_wconf 93' lang='grc' dir='ltr'>Η</span> <span class='ocrx_word' id='word_1_329' title='bbox 1046 379 1082 411; x_wconf 90' lang='lat' dir='ltr'>in</span> <span class='ocrx_word' id='word_1_330' title='bbox 1101 379 1142 423; x_wconf 84' lang='lat' dir='ltr'>(s.</span> <span class='ocrx_word' id='word_1_331' title='bbox 1164 378 1265 422; x_wconf 85' lang='lat' dir='ltr'>inde)</span> <span class='ocrx_word' id='word_1_332' title='bbox 1288 376 1435 422; x_wconf 86' lang='lat' dir='ltr'>pompei</span> <span class='ocrx_word' id='word_1_333' title='bbox 1460 378 1535 421; x_wconf 71' lang='lat' dir='ltr'>N;;</span> <span class='ocrx_word' id='word_1_334' title='bbox 1559 376 1586 419; x_wconf 83' lang='lat' dir='ltr'>f·</span> 
     </span>
     <span class='ocr_line' id='line_1_49' title="bbox 876 433 1587 479; baseline -0.006 -10"><span class='ocrx_word' id='word_1_335' title='bbox 876 435 943 470; x_wconf 90' lang='lat' dir='ltr'>Cn.</span> <span class='ocrx_word' id='word_1_336' title='bbox 957 434 1167 479; x_wconf 86' lang='lat' dir='ltr'>Pompeius,</span> <span class='ocrx_word' id='word_1_337' title='bbox 1181 433 1335 479; x_wconf 87' lang='lat' dir='ltr'>Pompei</span> <span class='ocrx_word' id='word_1_338' title='bbox 1348 434 1389 479; x_wconf 83' lang='lat' dir='ltr'>(s.</span> <span class='ocrx_word' id='word_1_339' title='bbox 1404 433 1587 468; x_wconf 90' lang='lat' dir='ltr'>Cn.Pom-</span> 
     </span>
     <span class='ocr_line' id='line_1_50' title="bbox 877 490 1590 537; baseline -0.007 -11"><span class='ocrx_word' id='word_1_340' title='bbox 877 492 953 537; x_wconf 83' lang='lat' dir='ltr'>pei)</span> <span class='ocrx_word' id='word_1_341' title='bbox 974 493 985 536; x_wconf 93' lang='grc' dir='ltr'>Η</span> <span class='ocrx_word' id='word_1_342' title='bbox 1001 496 1129 525; x_wconf 81' lang='lat' dir='ltr'>contra</span> <span class='ocrx_word' id='word_1_343' title='bbox 1149 491 1289 535; x_wconf 84' lang='lat' dir='ltr'>copias]</span> <span class='ocrx_word' id='word_1_344' title='bbox 1305 503 1324 523; x_wconf 87' lang='lat'>7·</span> <span class='ocrx_word' id='word_1_345' title='bbox 1344 490 1373 535; x_wconf 85' lang='grc' dir='ltr'>(ἰ</span> <span class='ocrx_word' id='word_1_346' title='bbox 1390 490 1590 534; x_wconf 68' lang='lat' dir='ltr'>typoqraphi</span> 
     </span>
     <span class='ocr_line' id='line_1_51' title="bbox 879 545 1588 592; baseline -0.006 -10"><span class='ocrx_word' id='word_1_347' title='bbox 879 555 912 582; x_wconf 80' lang='lat' dir='ltr'>ut</span> <span class='ocrx_word' id='word_1_348' title='bbox 927 550 988 582; x_wconf 71' lang='lat' dir='ltr'>vid.</span> <span class='ocrx_word' id='word_1_349' title='bbox 1004 547 1134 592; x_wconf 74' lang='lat' dir='ltr'>errore)</span> <span class='ocrx_word' id='word_1_350' title='bbox 1151 548 1162 592; x_wconf 94' lang='grc' dir='ltr'>Η</span> <span class='ocrx_word' id='word_1_351' title='bbox 1183 546 1463 582; x_wconf 76' lang='lat' dir='ltr'>CXIIHvocem</span> <span class='ocrx_word' id='word_1_352' title='bbox 1475 545 1588 579; x_wconf 84' lang='lat' dir='ltr'>hone-</span> 
     </span>
     <span class='ocr_line' id='line_1_52' title="bbox 878 604 1589 647; baseline -0.006 -9"><span class='ocrx_word' id='word_1_353' title='bbox 878 607 986 647; x_wconf 82' lang='lat' dir='ltr'>stam]</span> <span class='ocrx_word' id='word_1_354' title='bbox 1003 605 1041 638; x_wconf 74' lang='grc' dir='ltr'>εἰ.</span> <span class='ocrx_word' id='word_1_355' title='bbox 1057 605 1084 637; x_wconf 78' lang='lat' dir='ltr'>z‘:</span> <span class='ocrx_word' id='word_1_356' title='bbox 1102 614 1232 638; x_wconf 82' lang='lat' dir='ltr'>uocem</span> <span class='ocrx_word' id='word_1_357' title='bbox 1246 604 1284 636; x_wconf 85' lang='lat' dir='ltr'><em>N</em></span> <span class='ocrx_word' id='word_1_358' title='bbox 1295 613 1425 637; x_wconf 85' lang='lat' dir='ltr'>uocem</span> <span class='ocrx_word' id='word_1_359' title='bbox 1444 612 1589 646; x_wconf 89' lang='lat' dir='ltr'>quoque</span> 
     </span>
     <span class='ocr_line' id='line_1_53' title="bbox 864 659 1588 706; baseline -0.007 -11"><span class='ocrx_word' id='word_1_360' title='bbox 864 662 923 706; x_wconf 69' lang='grc' dir='ltr'>’(εί</span> <span class='ocrx_word' id='word_1_361' title='bbox 942 671 1086 706; x_wconf 84' lang='lat' dir='ltr'>quoque</span> <span class='ocrx_word' id='word_1_362' title='bbox 1105 660 1250 704; x_wconf 87' lang='lat' dir='ltr'>uocem)</span> <span class='ocrx_word' id='word_1_363' title='bbox 1268 673 1287 696; x_wconf 81' lang='grc' dir='ltr'><em>ς</em></span> <span class='ocrx_word' id='word_1_364' title='bbox 1303 669 1433 693; x_wconf 89' lang='lat' dir='ltr'>uocem</span> <span class='ocrx_word' id='word_1_365' title='bbox 1446 676 1459 691; x_wconf 59' lang='lat' dir='ltr'>a</span> <span class='ocrx_word' id='word_1_366' title='bbox 1474 659 1502 701; x_wconf 70' lang='lat'>2⁶3</span> <span class='ocrx_word' id='word_1_367' title='bbox 1527 668 1588 691; x_wconf 84' lang='lat' dir='ltr'>vo—</span> 
     </span>
     <span class='ocr_line' id='line_1_54' title="bbox 864 710 1589 761; baseline -0.006 -10"><span class='ocrx_word' id='word_1_368' title='bbox 864 710 955 752; x_wconf 56' lang='lat' dir='ltr'>¹cem</span> <span class='ocrx_word' id='word_1_369' title='bbox 977 727 1121 761; x_wconf 86' lang='lat' dir='ltr'>quoque</span> <span class='ocrx_word' id='word_1_370' title='bbox 1140 726 1268 760; x_wconf 80' lang='lat' dir='ltr'>parem</span> <span class='ocrx_word' id='word_1_371' title='bbox 1286 713 1589 760; x_wconf 79' lang='lat' dir='ltr'>(autmemorabi-</span> 
     </span>
     <span class='ocr_line' id='line_1_55' title="bbox 877 770 1591 819; baseline -0.004 -12"><span class='ocrx_word' id='word_1_372' title='bbox 877 774 963 819; x_wconf 79' lang='lat' dir='ltr'>lem)</span> <span class='ocrx_word' id='word_1_373' title='bbox 977 774 1117 807; x_wconf 76' lang='lat' dir='ltr'>LRGr.</span> <span class='ocrx_word' id='word_1_374' title='bbox 1136 773 1148 817; x_wconf 84' lang='grc' dir='ltr'>Η</span> <span class='ocrx_word' id='word_1_375' title='bbox 1167 771 1271 806; x_wconf 85' lang='lat' dir='ltr'>CXV</span> <span class='ocrx_word' id='word_1_376' title='bbox 1284 782 1327 806; x_wconf 81' lang='lat' dir='ltr'>ex</span> <span class='ocrx_word' id='word_1_377' title='bbox 1338 770 1482 814; x_wconf 81' lang='lat' dir='ltr'>Africa]</span> <span class='ocrx_word' id='word_1_378' title='bbox 1498 782 1533 808; x_wconf 71' lang='lat'>3:</span> <span class='ocrx_word' id='word_1_379' title='bbox 1554 773 1591 805; x_wconf 87' lang='lat' dir='ltr'>et</span> 
     </span>
     <span class='ocr_line' id='line_1_56' title="bbox 877 827 1591 872; baseline -0.006 -9"><span class='ocrx_word' id='word_1_380' title='bbox 877 829 1006 863; x_wconf 83' lang='lat' dir='ltr'>Africa</span> <span class='ocrx_word' id='word_1_381' title='bbox 1020 829 1091 865; x_wconf 58' lang='lat' dir='ltr'>Ngz·</span> <span class='ocrx_word' id='word_1_382' title='bbox 1107 830 1117 872; x_wconf 96' lang='grc' dir='ltr'>Η</span> <span class='ocrx_word' id='word_1_383' title='bbox 1142 830 1188 862; x_wconf 77' lang='lat' dir='ltr'>acl</span> <span class='ocrx_word' id='word_1_384' title='bbox 1211 828 1238 871; x_wconf 85' lang='lat' dir='ltr'>f.</span> <span class='ocrx_word' id='word_1_385' title='bbox 1261 830 1356 872; x_wconf 79' lang='lat' dir='ltr'>‘puto</span> <span class='ocrx_word' id='word_1_386' title='bbox 1369 828 1537 872; x_wconf 76' lang='lat' dir='ltr'>quaedam</span> <span class='ocrx_word' id='word_1_387' title='bbox 1551 827 1591 859; x_wconf 68' lang='lat' dir='ltr'>(le</span> 
     </span>
     <span class='ocr_line' id='line_1_57' title="bbox 878 883 1580 928; baseline -0.004 -9"><span class='ocrx_word' id='word_1_388' title='bbox 878 893 985 919; x_wconf 75' lang='lat' dir='ltr'>morte</span> <span class='ocrx_word' id='word_1_389' title='bbox 1007 886 1067 919; x_wconf 80' lang='lat' dir='ltr'>Cn.</span> <span class='ocrx_word' id='word_1_390' title='bbox 1087 885 1232 928; x_wconf 78' lang='lat' dir='ltr'>Pompei</span> <span class='ocrx_word' id='word_1_391' title='bbox 1248 885 1421 918; x_wconf 72' lang='lat' dir='ltr'>excidisse’</span> <span class='ocrx_word' id='word_1_392' title='bbox 1440 885 1519 917; x_wconf 74' lang='lat' dir='ltr'>culn.</span> <span class='ocrx_word' id='word_1_393' title='bbox 1541 883 1580 926; x_wconf 78' lang='lat' dir='ltr'>ill</span> 
     </span>
    </p>

    <p class='ocr_par' dir='ltr' id='par_1_6' title="bbox 864 939 1594 1434">
     <span class='ocr_line' id='line_1_58' title="bbox 878 939 1590 985; baseline -0.007 -9"><span class='ocrx_word' id='word_1_394' title='bbox 878 941 1001 977; x_wconf 87' lang='lat' dir='ltr'>CXVI</span> <span class='ocrx_word' id='word_1_395' title='bbox 1021 944 1057 975; x_wconf 88' lang='lat' dir='ltr'>et</span> <span class='ocrx_word' id='word_1_396' title='bbox 1076 941 1189 985; x_wconf 90' lang='lat' dir='ltr'>quod]</span> <span class='ocrx_word' id='word_1_397' title='bbox 1212 947 1291 974; x_wconf 79' lang='lat' dir='ltr'>ante</span> <span class='ocrx_word' id='word_1_398' title='bbox 1308 939 1452 975; x_wconf 82' lang='lat' dir='ltr'>senatui</span> <span class='ocrx_word' id='word_1_399' title='bbox 1466 953 1484 976; x_wconf 83' lang='grc' dir='ltr'><em>ς</em></span> <span class='ocrx_word' id='word_1_400' title='bbox 1503 951 1590 972; x_wconf 76' lang='lat' dir='ltr'>unus</span> 
     </span>
     <span class='ocr_line' id='line_1_59' title="bbox 882 995 1588 1041; baseline -0.007 -8"><span class='ocrx_word' id='word_1_401' title='bbox 882 1000 980 1033; x_wconf 78' lang='lat' dir='ltr'>Grut.</span> <span class='ocrx_word' id='word_1_402' title='bbox 1000 998 1043 1031; x_wconf 84' lang='lat' dir='ltr'><strong><em>W</em></strong></span> <span class='ocrx_word' id='word_1_403' title='bbox 1052 1004 1082 1030; x_wconf 78' lang='lat' dir='ltr'>et</span> <span class='ocrx_word' id='word_1_404' title='bbox 1095 997 1143 1030; x_wconf 75' lang='lat' dir='ltr'>sic</span> <span class='ocrx_word' id='word_1_405' title='bbox 1156 998 1183 1030; x_wconf 81' lang='lat' dir='ltr'>z&#39;:</span> <span class='ocrx_word' id='word_1_406' title='bbox 1199 996 1296 1041; x_wconf 87' lang='lat' dir='ltr'>quod</span> <span class='ocrx_word' id='word_1_407' title='bbox 1312 996 1324 1041; x_wconf 97' lang='grc' dir='ltr'>Η</span> <span class='ocrx_word' id='word_1_408' title='bbox 1342 995 1588 1038; x_wconf 88' lang='lat' dir='ltr'>moventibus]</span> 
     </span>
     <span class='ocr_line' id='line_1_60' title="bbox 879 1051 1589 1099; baseline -0.004 -12"><span class='ocrx_word' id='word_1_409' title='bbox 879 1067 928 1099; x_wconf 64' lang='lat' dir='ltr'>ess.</span> <span class='ocrx_word' id='word_1_410' title='bbox 949 1053 1196 1098; x_wconf 83' lang='lat' dir='ltr'>(monentibus</span> <span class='ocrx_word' id='word_1_411' title='bbox 1215 1066 1233 1086; x_wconf 87' lang='lat' dir='ltr'>r</span> <span class='ocrx_word' id='word_1_412' title='bbox 1248 1059 1326 1087; x_wconf 77' lang='lat' dir='ltr'>teste</span> <span class='ocrx_word' id='word_1_413' title='bbox 1339 1054 1366 1096; x_wconf 65' lang='grc' dir='ltr'>ἐς</span> <span class='ocrx_word' id='word_1_414' title='bbox 1386 1053 1496 1085; x_wconf 80' lang='lat' dir='ltr'>subest</span> <span class='ocrx_word' id='word_1_415' title='bbox 1508 1051 1589 1094; x_wconf 78' lang='lat' dir='ltr'>fort.</span> 
     </span>
     <span class='ocr_line' id='line_1_61' title="bbox 878 1106 1589 1155; baseline -0.006 -11"><span class='ocrx_word' id='word_1_416' title='bbox 878 1123 977 1144; x_wconf 74' lang='lat' dir='ltr'>error</span> <span class='ocrx_word' id='word_1_417' title='bbox 1000 1110 1233 1155; x_wconf 44' lang='lat' dir='ltr'>tmmqraplziss</span> <span class='ocrx_word' id='word_1_418' title='bbox 1259 1120 1322 1142; x_wconf 83' lang='lat' dir='ltr'>om.</span> <span class='ocrx_word' id='word_1_419' title='bbox 1349 1109 1481 1142; x_wconf 39' lang='lat' dir='ltr'>libri-‘z&#39;</span> <span class='ocrx_word' id='word_1_420' title='bbox 1506 1108 1517 1152; x_wconf 96' lang='grc' dir='ltr'>Η</span> <span class='ocrx_word' id='word_1_421' title='bbox 1549 1106 1589 1141; x_wconf 88' lang='lat' dir='ltr'>C.</span> 
     </span>
     <span class='ocr_line' id='line_1_62' title="bbox 877 1163 1590 1209; baseline -0.006 -9"><span class='ocrx_word' id='word_1_422' title='bbox 877 1166 1068 1209; x_wconf 80' lang='lat' dir='ltr'>Amatino]</span> <span class='ocrx_word' id='word_1_423' title='bbox 1084 1167 1155 1209; x_wconf 62' lang='grc' dir='ltr'>δίῃ.</span> <span class='ocrx_word' id='word_1_424' title='bbox 1167 1177 1175 1199; x_wconf 94' lang='lat'><strong>:</strong></span> <span class='ocrx_word' id='word_1_425' title='bbox 1189 1165 1377 1199; x_wconf 81' lang='lat' dir='ltr'>chamates</span> <span class='ocrx_word' id='word_1_426' title='bbox 1390 1165 1447 1201; x_wconf 59' lang='lat' dir='ltr'>N„-</span> <span class='ocrx_word' id='word_1_427' title='bbox 1459 1165 1483 1207; x_wconf 84' lang='lat'>†</span> <span class='ocrx_word' id='word_1_428' title='bbox 1497 1163 1590 1198; x_wconf 80' lang='lat' dir='ltr'>Cha-</span> 
     </span>
     <span class='ocr_line' id='line_1_63' title="bbox 878 1218 1590 1266; baseline -0.003 -11"><span class='ocrx_word' id='word_1_429' title='bbox 878 1226 994 1256; x_wconf 82' lang='lat' dir='ltr'>mates</span> <span class='ocrx_word' id='word_1_430' title='bbox 1007 1223 1035 1265; x_wconf 70' lang='grc' dir='ltr'>ῖς</span> <span class='ocrx_word' id='word_1_431' title='bbox 1050 1223 1095 1255; x_wconf 80' lang='lat' dir='ltr'>al.</span> <span class='ocrx_word' id='word_1_432' title='bbox 1110 1235 1127 1257; x_wconf 79' lang='grc' dir='ltr'><em>ς</em></span> <span class='ocrx_word' id='word_1_433' title='bbox 1140 1233 1195 1265; x_wconf 80' lang='lat' dir='ltr'>ap.</span> <span class='ocrx_word' id='word_1_434' title='bbox 1211 1223 1278 1255; x_wconf 82' lang='lat' dir='ltr'>Dr.</span> <span class='ocrx_word' id='word_1_435' title='bbox 1293 1222 1308 1254; x_wconf 78' lang='lat' dir='ltr'>z·</span> <span class='ocrx_word' id='word_1_436' title='bbox 1321 1222 1332 1266; x_wconf 96' lang='grc' dir='ltr'>Η</span> <span class='ocrx_word' id='word_1_437' title='bbox 1352 1221 1463 1264; x_wconf 83' lang='lat' dir='ltr'>Mari]</span> <span class='ocrx_word' id='word_1_438' title='bbox 1480 1218 1536 1254; x_wconf 84' lang='lat' dir='ltr'>N:</span> <span class='ocrx_word' id='word_1_439' title='bbox 1551 1220 1590 1254; x_wconf 87' lang='lat' dir='ltr'>C.</span> 
     </span>
     <span class='ocr_line' id='line_1_64' title="bbox 879 1276 1591 1322; baseline -0.001 -12"><span class='ocrx_word' id='word_1_440' title='bbox 879 1277 987 1312; x_wconf 82' lang='lat' dir='ltr'>Marii</span> <span class='ocrx_word' id='word_1_441' title='bbox 1004 1291 1022 1314; x_wconf 78' lang='grc' dir='ltr'><em>ς</em></span> <span class='ocrx_word' id='word_1_442' title='bbox 1041 1276 1080 1311; x_wconf 88' lang='lat' dir='ltr'>C.</span> <span class='ocrx_word' id='word_1_443' title='bbox 1103 1276 1198 1310; x_wconf 81' lang='lat' dir='ltr'>Mari</span> <span class='ocrx_word' id='word_1_444' title='bbox 1216 1278 1230 1310; x_wconf 85' lang='lat' dir='ltr'>i</span> <span class='ocrx_word' id='word_1_445' title='bbox 1246 1278 1257 1322; x_wconf 96' lang='grc' dir='ltr'>Η</span> <span class='ocrx_word' id='word_1_446' title='bbox 1275 1276 1418 1312; x_wconf 87' lang='lat' dir='ltr'>CXVII</span> <span class='ocrx_word' id='word_1_447' title='bbox 1430 1295 1444 1310; x_wconf 61' lang='grc' dir='ltr'>α</span> <span class='ocrx_word' id='word_1_448' title='bbox 1464 1276 1591 1311; x_wconf 86' lang='lat' dir='ltr'>omini-</span> 
     </span>
     <span class='ocr_line' id='line_1_65' title="bbox 864 1329 1594 1378; baseline -0.001 -12"><span class='ocrx_word' id='word_1_449' title='bbox 864 1329 1017 1378; x_wconf 68' lang='lat' dir='ltr'>&#39;busque</span> <span class='ocrx_word' id='word_1_450' title='bbox 1033 1333 1290 1377; x_wconf 77' lang='lat' dir='ltr'>(omnibusque</span> <span class='ocrx_word' id='word_1_451' title='bbox 1310 1333 1384 1378; x_wconf 82' lang='grc' dir='ltr'>Νς)</span> <span class='ocrx_word' id='word_1_452' title='bbox 1408 1332 1594 1377; x_wconf 85' lang='lat' dir='ltr'>prosperis</span> 
     </span>
     <span class='ocr_line' id='line_1_66' title="bbox 879 1388 1576 1434; baseline -0.003 -10"><span class='ocrx_word' id='word_1_453' title='bbox 879 1392 1053 1433; x_wconf 77' lang='lat' dir='ltr'>exceptus</span> <span class='ocrx_word' id='word_1_454' title='bbox 1065 1406 1078 1420; x_wconf 58' lang='grc' dir='ltr'>ν.</span> <span class='ocrx_word' id='word_1_455' title='bbox 1092 1390 1105 1422; x_wconf 78' lang='lat' dir='ltr'>z·</span> <span class='ocrx_word' id='word_1_456' title='bbox 1118 1390 1130 1434; x_wconf 92' lang='grc' dir='ltr'>Η</span> <span class='ocrx_word' id='word_1_457' title='bbox 1148 1389 1175 1431; x_wconf 78' lang='lat' dir='ltr'>f.</span> <span class='ocrx_word' id='word_1_458' title='bbox 1191 1393 1364 1433; x_wconf 78' lang='lat' dir='ltr'>exceptus</span> <span class='ocrx_word' id='word_1_459' title='bbox 1379 1392 1434 1422; x_wconf 89' lang='lat' dir='ltr'>est</span> <span class='ocrx_word' id='word_1_460' title='bbox 1447 1392 1484 1422; x_wconf 86' lang='lat' dir='ltr'>et</span> <span class='ocrx_word' id='word_1_461' title='bbox 1499 1390 1510 1433; x_wconf 95' lang='grc' dir='ltr'>Η</span> <span class='ocrx_word' id='word_1_462' title='bbox 1531 1388 1576 1422; x_wconf 86' lang='lat' dir='ltr'>de</span> 
     </span>
    </p>

    <p class='ocr_par' dir='ltr' id='par_1_7' title="bbox 864 1444 1596 2668">
     <span class='ocr_line' id='line_1_67' title="bbox 878 1444 1593 1490; baseline -0.003 -11"><span class='ocrx_word' id='word_1_463' title='bbox 878 1446 963 1480; x_wconf 88' lang='lat' dir='ltr'>inde</span> <span class='ocrx_word' id='word_1_464' title='bbox 976 1445 1101 1490; x_wconf 87' lang='lat' dir='ltr'>plures</span> <span class='ocrx_word' id='word_1_465' title='bbox 1114 1460 1131 1482; x_wconf 83' lang='grc' dir='ltr'><em>ς</em></span> <span class='ocrx_word' id='word_1_466' title='bbox 1145 1445 1190 1489; x_wconf 60' lang='grc' dir='ltr'>(ἕ)</span> <span class='ocrx_word' id='word_1_467' title='bbox 1211 1458 1229 1477; x_wconf 77' lang='lat' dir='ltr'>r</span> <span class='ocrx_word' id='word_1_468' title='bbox 1242 1446 1442 1478; x_wconf 73' lang='lat' dir='ltr'>Lezttsclcz‘us</span> <span class='ocrx_word' id='word_1_469' title='bbox 1462 1446 1484 1478; x_wconf 82' lang='lat' dir='ltr'>l.</span> <span class='ocrx_word' id='word_1_470' title='bbox 1499 1446 1521 1478; x_wconf 85' lang='lat' dir='ltr'>l.</span> <span class='ocrx_word' id='word_1_471' title='bbox 1542 1444 1593 1488; x_wconf 75' lang='lat' dir='ltr'>(at</span> 
     </span>
     <span class='ocr_line' id='line_1_68' title="bbox 879 1502 1594 1544; baseline -0.004 -8"><span class='ocrx_word' id='word_1_472' title='bbox 879 1504 961 1536; x_wconf 67' lang='lat' dir='ltr'>Lov.</span> <span class='ocrx_word' id='word_1_473' title='bbox 976 1502 998 1536; x_wconf 77' lang='lat'><strong>2</strong></span> <span class='ocrx_word' id='word_1_474' title='bbox 1018 1514 1057 1536; x_wconf 73' lang='lat' dir='ltr'>ea:</span> <span class='ocrx_word' id='word_1_475' title='bbox 1069 1503 1137 1535; x_wconf 86' lang='lat' dir='ltr'>Dr.</span> <span class='ocrx_word' id='word_1_476' title='bbox 1159 1503 1239 1535; x_wconf 76' lang='lat' dir='ltr'><em>adn.</em></span> <span class='ocrx_word' id='word_1_477' title='bbox 1259 1502 1294 1534; x_wconf 78' lang='lat' dir='ltr'>in</span> <span class='ocrx_word' id='word_1_478' title='bbox 1315 1503 1364 1535; x_wconf 78' lang='lat' dir='ltr'>ed.</span> <span class='ocrx_word' id='word_1_479' title='bbox 1380 1503 1503 1544; x_wconf 73' lang='lat' dir='ltr'>Stutty.</span> <span class='ocrx_word' id='word_1_480' title='bbox 1524 1513 1594 1533; x_wconf 77' lang='lat' dir='ltr'>non</span> 
     </span>
     <span class='ocr_line' id='line_1_69' title="bbox 878 1556 1593 1603; baseline -0.004 -11"><span class='ocrx_word' id='word_1_481' title='bbox 878 1559 1001 1603; x_wconf 88' lang='lat' dir='ltr'>plures</span> <span class='ocrx_word' id='word_1_482' title='bbox 1010 1559 1162 1603; x_wconf 79' lang='lat' dir='ltr'>praebet,</span> <span class='ocrx_word' id='word_1_483' title='bbox 1181 1558 1240 1591; x_wconf 76' lang='lat' dir='ltr'>secl</span> <span class='ocrx_word' id='word_1_484' title='bbox 1252 1556 1473 1602; x_wconf 84' lang='lat' dir='ltr'>complures)</span> <span class='ocrx_word' id='word_1_485' title='bbox 1493 1557 1504 1601; x_wconf 95' lang='grc' dir='ltr'>Η</span> <span class='ocrx_word' id='word_1_486' title='bbox 1522 1556 1593 1590; x_wconf 87' lang='lat' dir='ltr'>dis-</span> 
     </span>
     <span class='ocr_line' id='line_1_70' title="bbox 881 1612 1594 1658; baseline -0.003 -10"><span class='ocrx_word' id='word_1_487' title='bbox 881 1626 1007 1649; x_wconf 85' lang='lat' dir='ltr'>cursus</span> <span class='ocrx_word' id='word_1_488' title='bbox 1021 1615 1092 1658; x_wconf 59' lang='grc' dir='ltr'>(ςῗ)</span> <span class='ocrx_word' id='word_1_489' title='bbox 1112 1616 1145 1647; x_wconf 78' lang='lat' dir='ltr'>ri</span> <span class='ocrx_word' id='word_1_490' title='bbox 1166 1616 1176 1655; x_wconf 93' lang='grc' dir='ltr'>Η</span> <span class='ocrx_word' id='word_1_491' title='bbox 1202 1613 1308 1648; x_wconf 83' lang='lat' dir='ltr'>CXX</span> <span class='ocrx_word' id='word_1_492' title='bbox 1321 1612 1372 1647; x_wconf 86' lang='lat' dir='ltr'>M.</span> <span class='ocrx_word' id='word_1_493' title='bbox 1385 1612 1541 1657; x_wconf 89' lang='lat' dir='ltr'>Antoni]</span> <span class='ocrx_word' id='word_1_494' title='bbox 1557 1614 1594 1646; x_wconf 78' lang='lat'>72:</span> 
     </span>
     <span class='ocr_line' id='line_1_71' title="bbox 877 1664 1589 1711; baseline 0.001 -12"><span class='ocrx_word' id='word_1_495' title='bbox 877 1664 927 1699; x_wconf 89' lang='lat' dir='ltr'>M.</span> <span class='ocrx_word' id='word_1_496' title='bbox 946 1666 1130 1700; x_wconf 83' lang='lat' dir='ltr'>Antonius</span> <span class='ocrx_word' id='word_1_497' title='bbox 1151 1667 1208 1702; x_wconf 64' lang='lat' dir='ltr'>A}</span> <span class='ocrx_word' id='word_1_498' title='bbox 1226 1666 1275 1699; x_wconf 89' lang='lat' dir='ltr'>M.</span> <span class='ocrx_word' id='word_1_499' title='bbox 1296 1667 1460 1701; x_wconf 87' lang='lat' dir='ltr'>Antonio</span> <span class='ocrx_word' id='word_1_500' title='bbox 1480 1669 1551 1701; x_wconf 77' lang='lat' dir='ltr'>edd.</span> <span class='ocrx_word' id='word_1_501' title='bbox 1578 1669 1589 1711; x_wconf 92' lang='grc' dir='ltr'>Η</span> 
     </span>
     <span class='ocr_line' id='line_1_72' title="bbox 876 1722 1596 1768; baseline 0.001 -13"><span class='ocrx_word' id='word_1_502' title='bbox 876 1722 1102 1768; x_wconf 83' lang='lat' dir='ltr'>profugisset.</span> <span class='ocrx_word' id='word_1_503' title='bbox 1113 1723 1174 1756; x_wconf 78' lang='lat' dir='ltr'>Iz.l.</span> <span class='ocrx_word' id='word_1_504' title='bbox 1186 1735 1249 1756; x_wconf 86' lang='lat' dir='ltr'>om.</span> <span class='ocrx_word' id='word_1_505' title='bbox 1264 1723 1332 1756; x_wconf 76' lang='lat' dir='ltr'>Nm</span> <span class='ocrx_word' id='word_1_506' title='bbox 1356 1725 1367 1768; x_wconf 96' lang='grc' dir='ltr'>Η</span> <span class='ocrx_word' id='word_1_507' title='bbox 1383 1723 1549 1768; x_wconf 86' lang='lat' dir='ltr'>profugit</span> <span class='ocrx_word' id='word_1_508' title='bbox 1559 1727 1596 1757; x_wconf 82' lang='lat' dir='ltr'>et</span> 
     </span>
     <span class='ocr_line' id='line_1_73' title="bbox 877 1778 1596 1824; baseline 0.001 -12"><span class='ocrx_word' id='word_1_509' title='bbox 877 1778 978 1812; x_wconf 82' lang='lat' dir='ltr'>iussu</span> <span class='ocrx_word' id='word_1_510' title='bbox 990 1779 1111 1821; x_wconf 76' lang='lat' dir='ltr'>rectef.</span> <span class='ocrx_word' id='word_1_511' title='bbox 1126 1780 1155 1812; x_wconf 76' lang='lat' dir='ltr'>h.</span> <span class='ocrx_word' id='word_1_512' title='bbox 1174 1779 1186 1823; x_wconf 96' lang='grc' dir='ltr'>Η</span> <span class='ocrx_word' id='word_1_513' title='bbox 1204 1783 1358 1813; x_wconf 81' lang='lat' dir='ltr'>uenerat</span> <span class='ocrx_word' id='word_1_514' title='bbox 1370 1779 1596 1824; x_wconf 86' lang='lat' dir='ltr'>profugisset</span> 
     </span>
     <span class='ocr_line' id='line_1_74' title="bbox 877 1836 1593 1880; baseline -0.001 -11"><span class='ocrx_word' id='word_1_515' title='bbox 877 1846 1006 1869; x_wconf 81' lang='lat' dir='ltr'>caesus</span> <span class='ocrx_word' id='word_1_516' title='bbox 1026 1846 1048 1868; x_wconf 83' lang='lat' dir='ltr'>a</span> <span class='ocrx_word' id='word_1_517' title='bbox 1067 1836 1151 1878; x_wconf 76' lang='lat' dir='ltr'><strong><em>N¹¹13</em></strong></span> <span class='ocrx_word' id='word_1_518' title='bbox 1172 1838 1209 1869; x_wconf 86' lang='lat' dir='ltr'>et</span> <span class='ocrx_word' id='word_1_519' title='bbox 1229 1846 1357 1870; x_wconf 82' lang='lat' dir='ltr'>caesus</span> <span class='ocrx_word' id='word_1_520' title='bbox 1372 1842 1451 1880; x_wconf 75' lang='lat' dir='ltr'>post</span> <span class='ocrx_word' id='word_1_521' title='bbox 1470 1836 1593 1879; x_wconf 87' lang='lat' dir='ltr'>profu-</span> 
     </span>
     <span class='ocr_line' id='line_1_75' title="bbox 878 1891 1594 1936; baseline 0 -12"><span class='ocrx_word' id='word_1_522' title='bbox 878 1891 1003 1936; x_wconf 80' lang='lat' dir='ltr'>gisset,</span> <span class='ocrx_word' id='word_1_523' title='bbox 1023 1891 1072 1924; x_wconf 76' lang='lat' dir='ltr'>sic</span> <span class='ocrx_word' id='word_1_524' title='bbox 1092 1892 1127 1924; x_wconf 78' lang='lat' dir='ltr'>in</span> <span class='ocrx_word' id='word_1_525' title='bbox 1146 1891 1190 1924; x_wconf 90' lang='lat' dir='ltr'><em>N</em></span> <span class='ocrx_word' id='word_1_526' title='bbox 1205 1903 1276 1924; x_wconf 80' lang='lat' dir='ltr'>esse</span> <span class='ocrx_word' id='word_1_527' title='bbox 1290 1899 1396 1933; x_wconf 63' lang='lat' dir='ltr'>rarus,</span> <span class='ocrx_word' id='word_1_528' title='bbox 1416 1893 1546 1924; x_wconf 70' lang='lat' dir='ltr'>induzit</span> <span class='ocrx_word' id='word_1_529' title='bbox 1565 1892 1594 1934; x_wconf 69' lang='grc' dir='ltr'>ῖς,</span> 
     </span>
     <span class='ocr_line' id='line_1_76' title="bbox 879 1946 1594 1991; baseline 0.001 -12"><span class='ocrx_word' id='word_1_530' title='bbox 879 1948 947 1983; x_wconf 65' lang='lat' dir='ltr'>cleg</span> <span class='ocrx_word' id='word_1_531' title='bbox 968 1959 996 1979; x_wconf 85' lang='lat' dir='ltr'>v.</span> <span class='ocrx_word' id='word_1_532' title='bbox 1016 1948 1084 1980; x_wconf 78' lang='lat' dir='ltr'>Dr.</span> <span class='ocrx_word' id='word_1_533' title='bbox 1104 1947 1115 1991; x_wconf 98' lang='grc' dir='ltr'>Η</span> <span class='ocrx_word' id='word_1_534' title='bbox 1141 1946 1194 1990; x_wconf 60' lang='lat' dir='ltr'>C„</span> <span class='ocrx_word' id='word_1_535' title='bbox 1214 1948 1352 1981; x_wconf 77' lang='lat' dir='ltr'>sirecte</span> <span class='ocrx_word' id='word_1_536' title='bbox 1370 1949 1480 1989; x_wconf 70' lang='grc' dir='ltr'><em>υἱιίεο,</em></span> <span class='ocrx_word' id='word_1_537' title='bbox 1502 1948 1594 1980; x_wconf 73' lang='lat' dir='ltr'>abest</span> 
     </span>
     <span class='ocr_line' id='line_1_77' title="bbox 879 2001 1594 2047; baseline 0.001 -12"><span class='ocrx_word' id='word_1_538' title='bbox 879 2014 899 2035; x_wconf 85' lang='lat' dir='ltr'><em>a</em></span> <span class='ocrx_word' id='word_1_539' title='bbox 915 2003 980 2035; x_wconf 84' lang='lat' dir='ltr'>Nm</span> <span class='ocrx_word' id='word_1_540' title='bbox 1002 2003 1013 2045; x_wconf 98' lang='grc' dir='ltr'>Η</span> <span class='ocrx_word' id='word_1_541' title='bbox 1029 2001 1175 2036; x_wconf 86' lang='lat' dir='ltr'>CXXII</span> <span class='ocrx_word' id='word_1_542' title='bbox 1190 2013 1388 2046; x_wconf 82' lang='lat' dir='ltr'>parumper</span> <span class='ocrx_word' id='word_1_543' title='bbox 1400 2006 1594 2047; x_wconf 87' lang='lat' dir='ltr'>prospere]</span> 
     </span>
     <span class='ocr_line' id='line_1_78' title="bbox 878 2058 1593 2102; baseline 0 -11"><span class='ocrx_word' id='word_1_544' title='bbox 878 2059 918 2091; x_wconf 91' lang='lat' dir='ltr'>P.</span> <span class='ocrx_word' id='word_1_545' title='bbox 941 2059 975 2091; x_wconf 82' lang='lat' dir='ltr'>la</span> <span class='ocrx_word' id='word_1_546' title='bbox 994 2058 1106 2091; x_wconf 66' lang='lat' dir='ltr'><em>1300]ae</em></span> <span class='ocrx_word' id='word_1_547' title='bbox 1120 2059 1203 2102; x_wconf 72' lang='lat' dir='ltr'>phil.</span> <span class='ocrx_word' id='word_1_548' title='bbox 1231 2069 1332 2092; x_wconf 75' lang='lat' dir='ltr'>XVIII</span> <span class='ocrx_word' id='word_1_549' title='bbox 1355 2058 1439 2092; x_wconf 74' lang='lat'><strong>234:</strong></span> <span class='ocrx_word' id='word_1_550' title='bbox 1464 2070 1593 2102; x_wconf 83' lang='lat' dir='ltr'>parum</span> 
     </span>
     <span class='ocr_line' id='line_1_79' title="bbox 878 2115 1594 2159; baseline 0.003 -13"><span class='ocrx_word' id='word_1_551' title='bbox 878 2124 1051 2158; x_wconf 88' lang='lat' dir='ltr'>prospere</span> <span class='ocrx_word' id='word_1_552' title='bbox 1089 2115 1170 2147; x_wconf 68' lang='lat' dir='ltr'>libra·</span> <span class='ocrx_word' id='word_1_553' title='bbox 1206 2124 1381 2159; x_wconf 86' lang='lat' dir='ltr'>prospere</span> <span class='ocrx_word' id='word_1_554' title='bbox 1418 2115 1594 2158; x_wconf 74' lang='lat' dir='ltr'>Xylamler</span> 
     </span>
     <span class='ocr_line' id='line_1_80' title="bbox 878 2170 1592 2214; baseline 0.003 -12"><span class='ocrx_word' id='word_1_555' title='bbox 878 2171 1020 2203; x_wconf 60' lang='lat' dir='ltr'>Deli-ius</span> <span class='ocrx_word' id='word_1_556' title='bbox 1033 2172 1299 2214; x_wconf 77' lang='lat' dir='ltr'>perprosperek</span> <span class='ocrx_word' id='word_1_557' title='bbox 1317 2171 1328 2214; x_wconf 98' lang='grc' dir='ltr'>Η</span> <span class='ocrx_word' id='word_1_558' title='bbox 1346 2170 1524 2213; x_wconf 86' lang='lat' dir='ltr'>vinctum]</span> <span class='ocrx_word' id='word_1_559' title='bbox 1540 2171 1592 2204; x_wconf 92' lang='lat' dir='ltr'>ui-</span> 
     </span>
     <span class='ocr_line' id='line_1_81' title="bbox 878 2226 1592 2262; baseline 0.003 -4"><span class='ocrx_word' id='word_1_560' title='bbox 878 2230 974 2259; x_wconf 87' lang='lat' dir='ltr'>ctum</span> <span class='ocrx_word' id='word_1_561' title='bbox 998 2239 1016 2262; x_wconf 82' lang='grc' dir='ltr'><em>ς</em></span> <span class='ocrx_word' id='word_1_562' title='bbox 1038 2226 1202 2260; x_wconf 90' lang='lat' dir='ltr'>iunctum</span> <span class='ocrx_word' id='word_1_563' title='bbox 1225 2239 1244 2259; x_wconf 86' lang='lat' dir='ltr'>r</span> <span class='ocrx_word' id='word_1_564' title='bbox 1269 2226 1483 2261; x_wconf 83' lang='lat' dir='ltr'>insidiarum</span> <span class='ocrx_word' id='word_1_565' title='bbox 1509 2237 1592 2261; x_wconf 89' lang='lat' dir='ltr'>con-</span> 
     </span>
     <span class='ocr_line' id='line_1_82' title="bbox 878 2281 1592 2325; baseline 0.003 -11"><span class='ocrx_word' id='word_1_566' title='bbox 878 2281 1011 2315; x_wconf 89' lang='lat' dir='ltr'>victum</span> <span class='ocrx_word' id='word_1_567' title='bbox 1024 2283 1165 2316; x_wconf 79' lang='lat' dir='ltr'>I.F.Gr.</span> <span class='ocrx_word' id='word_1_568' title='bbox 1185 2284 1195 2325; x_wconf 97' lang='grc' dir='ltr'>Η</span> <span class='ocrx_word' id='word_1_569' title='bbox 1215 2281 1381 2316; x_wconf 87' lang='lat' dir='ltr'>CXXIII</span> <span class='ocrx_word' id='word_1_570' title='bbox 1395 2283 1497 2325; x_wconf 89' lang='lat' dir='ltr'>dein]</span> <span class='ocrx_word' id='word_1_571' title='bbox 1508 2284 1592 2316; x_wconf 78' lang='lat' dir='ltr'>Nm:</span> 
     </span>
     <span class='ocr_line' id='line_1_83' title="bbox 879 2337 1592 2383; baseline 0.003 -12"><span class='ocrx_word' id='word_1_572' title='bbox 879 2338 1011 2372; x_wconf 80' lang='lat' dir='ltr'>deinde</span> <span class='ocrx_word' id='word_1_573' title='bbox 1033 2338 1044 2381; x_wconf 95' lang='grc' dir='ltr'>Η</span> <span class='ocrx_word' id='word_1_574' title='bbox 1060 2337 1245 2372; x_wconf 85' lang='lat' dir='ltr'>CXXIIII</span> <span class='ocrx_word' id='word_1_575' title='bbox 1259 2339 1306 2373; x_wconf 81' lang='lat' dir='ltr'>ab</span> <span class='ocrx_word' id='word_1_576' title='bbox 1320 2339 1379 2382; x_wconf 89' lang='lat' dir='ltr'>iis]</span> <span class='ocrx_word' id='word_1_577' title='bbox 1397 2352 1460 2383; x_wconf 60' lang='lat' dir='ltr'>vqs</span> <span class='ocrx_word' id='word_1_578' title='bbox 1475 2339 1521 2373; x_wconf 77' lang='lat' dir='ltr'>ab</span> <span class='ocrx_word' id='word_1_579' title='bbox 1536 2339 1592 2373; x_wconf 83' lang='lat' dir='ltr'>his</span> 
     </span>
     <span class='ocr_line' id='line_1_84' title="bbox 879 2394 1591 2439; baseline 0.003 -11"><span class='ocrx_word' id='word_1_580' title='bbox 879 2395 944 2428; x_wconf 78' lang='lat' dir='ltr'>Nm</span> <span class='ocrx_word' id='word_1_581' title='bbox 965 2394 1011 2430; x_wconf 76' lang='lat' dir='ltr'>ab</span> <span class='ocrx_word' id='word_1_582' title='bbox 1027 2395 1078 2428; x_wconf 89' lang='lat' dir='ltr'>eis</span> <span class='ocrx_word' id='word_1_583' title='bbox 1098 2396 1136 2439; x_wconf 76' lang='grc' dir='ltr'>ἰΗ</span> <span class='ocrx_word' id='word_1_584' title='bbox 1164 2395 1282 2429; x_wconf 82' lang='lat' dir='ltr'>altera</span> <span class='ocrx_word' id='word_1_585' title='bbox 1303 2395 1434 2430; x_wconf 90' lang='lat' dir='ltr'>deinde</span> <span class='ocrx_word' id='word_1_586' title='bbox 1455 2396 1534 2430; x_wconf 83' lang='lat' dir='ltr'>acie</span> <span class='ocrx_word' id='word_1_587' title='bbox 1555 2398 1591 2430; x_wconf 69' lang='lat' dir='ltr'>Ic:</span> 
     </span>
     <span class='ocr_line' id='line_1_85' title="bbox 878 2451 1592 2498; baseline 0.004 -14"><span class='ocrx_word' id='word_1_588' title='bbox 878 2451 995 2485; x_wconf 81' lang='lat' dir='ltr'>altera</span> <span class='ocrx_word' id='word_1_589' title='bbox 1009 2451 1141 2486; x_wconf 86' lang='lat' dir='ltr'>deinde</span> <span class='ocrx_word' id='word_1_590' title='bbox 1156 2452 1197 2484; x_wconf 84' lang='lat' dir='ltr'><em>N</em></span> <span class='ocrx_word' id='word_1_591' title='bbox 1208 2452 1323 2486; x_wconf 79' lang='lat' dir='ltr'>altero</span> <span class='ocrx_word' id='word_1_592' title='bbox 1345 2455 1387 2495; x_wconf 78' lang='lat' dir='ltr'>(et</span> <span class='ocrx_word' id='word_1_593' title='bbox 1401 2453 1510 2498; x_wconf 79' lang='lat' dir='ltr'>alter)</span> <span class='ocrx_word' id='word_1_594' title='bbox 1530 2453 1592 2487; x_wconf 80' lang='lat' dir='ltr'>(le-</span> 
     </span>
     <span class='ocr_line' id='line_1_86' title="bbox 877 2507 1593 2553; baseline 0.004 -13"><span class='ocrx_word' id='word_1_595' title='bbox 877 2507 962 2541; x_wconf 88' lang='lat' dir='ltr'>inde</span> <span class='ocrx_word' id='word_1_596' title='bbox 977 2522 994 2543; x_wconf 85' lang='grc' dir='ltr'><em>ς</em></span> <span class='ocrx_word' id='word_1_597' title='bbox 1008 2507 1125 2541; x_wconf 86' lang='lat' dir='ltr'>altero</span> <span class='ocrx_word' id='word_1_598' title='bbox 1140 2508 1273 2542; x_wconf 87' lang='lat' dir='ltr'>deinde</span> <span class='ocrx_word' id='word_1_599' title='bbox 1286 2509 1427 2553; x_wconf 87' lang='lat' dir='ltr'>proelio</span> <span class='ocrx_word' id='word_1_600' title='bbox 1441 2522 1459 2542; x_wconf 84' lang='lat' dir='ltr'>r</span> <span class='ocrx_word' id='word_1_601' title='bbox 1474 2509 1593 2544; x_wconf 78' lang='lat' dir='ltr'>altera</span> 
     </span>
     <span class='ocr_line' id='line_1_87' title="bbox 864 2563 1590 2621; baseline 0.003 -24"><span class='ocrx_word' id='word_1_602' title='bbox 864 2564 962 2621; x_wconf 42' lang='lat' dir='ltr'>tdein</span> <span class='ocrx_word' id='word_1_603' title='bbox 976 2563 1061 2598; x_wconf 77' lang='lat' dir='ltr'>diei</span> <span class='ocrx_word' id='word_1_604' title='bbox 1077 2566 1088 2607; x_wconf 96' lang='grc' dir='ltr'>Η</span> <span class='ocrx_word' id='word_1_605' title='bbox 1107 2563 1249 2599; x_wconf 85' lang='lat' dir='ltr'>CXXV</span> <span class='ocrx_word' id='word_1_606' title='bbox 1260 2564 1408 2609; x_wconf 83' lang='lat' dir='ltr'>imperi]</span> <span class='ocrx_word' id='word_1_607' title='bbox 1424 2567 1505 2599; x_wconf 75' lang='lat' dir='ltr'>Nm:</span> <span class='ocrx_word' id='word_1_608' title='bbox 1525 2566 1590 2599; x_wconf 91' lang='lat' dir='ltr'>im-</span> 
     </span>
     <span class='ocr_line' id='line_1_88' title="bbox 876 2620 1590 2668; baseline 0.006 -14"><span class='ocrx_word' id='word_1_609' title='bbox 876 2620 966 2665; x_wconf 86' lang='lat' dir='ltr'>perii</span> <span class='ocrx_word' id='word_1_610' title='bbox 985 2620 1284 2664; x_wconf 71' lang='lat' dir='ltr'>HCXXVIIsaxa</span> <span class='ocrx_word' id='word_1_611' title='bbox 1297 2625 1334 2656; x_wconf 84' lang='lat' dir='ltr'>et</span> <span class='ocrx_word' id='word_1_612' title='bbox 1346 2624 1479 2657; x_wconf 76' lang='lat' dir='ltr'>m.N¹¹1.</span> <span class='ocrx_word' id='word_1_613' title='bbox 1499 2625 1510 2666; x_wconf 88' lang='grc' dir='ltr'>Η</span> <span class='ocrx_word' id='word_1_614' title='bbox 1529 2635 1590 2668; x_wconf 88' lang='lat' dir='ltr'>ge-</span> 
     </span>
    </p>
   </div>
   <div class='ocr_carea' id='block_1_6' title="bbox 863 280 867 1494">
    <p class='ocr_par' dir='ltr' id='par_1_8' title="bbox 863 280 867 1494">
     <span class='ocr_line' id='line_1_89' title="bbox 863 280 867 1494; baseline 0 0"><span class='ocrx_word' id='word_1_615' title='bbox 863 280 867 1494; x_wconf 95' lang='lat' dir='ltr'> </span> 
     </span>
    </p>
   </div>
   <div class='ocr_carea' id='block_1_7' title="bbox 867 1754 871 2641">
    <p class='ocr_par' dir='ltr' id='par_1_9' title="bbox 867 1754 871 2641">
     <span class='ocr_line' id='line_1_90' title="bbox 867 1754 871 2641; baseline 0 0"><span class='ocrx_word' id='word_1_616' title='bbox 867 1754 871 2641; x_wconf 95' lang='lat' dir='ltr'> </span> 
     </span>
    </p>
   </div>
  </div>
 </body>
</html>
