1804 2926
233 182 259 222 N)

262 181 287 221 6
519 188 672 224 LlBER
694 188 882 233 ΧΧΧΧΙ,
909 189 964 224 -26,
984 189 1039 223 27.
1068 190 1306 233 [a.u.0.5so]

230 294 355 336 etiam
380 307 428 334 eo
454 293 521 334 die
553 300 797 347 expugnata
828 292 1184 347 debellatumque;
1215 309 1313 334 nam
1339 294 1410 348 qui
1443 309 1587 348 super-

232 357 348 397 fuere
374 355 552 410 proelio,
584 355 626 395 in
652 355 806 410 oppida
837 370 913 395 sua
938 355 1087 410 dilapsi
1118 363 1226 396 sunt.
1275 356 1405 409 quieti
1437 356 1587 397 deinde

232 425 459 473 paruerunt
484 417 671 472 imperio.

190 498 203 524 1
317 479 514 521 XXVII.
554 478 761 520 Censores
787 493 836 520 eo
861 493 970 520 anno
996 479 1123 520 creati
1144 478 1198 531 Q.
1213 479 1390 520 Fulvius
1408 479 1588 521 Flaccus

233 552 274 584 et
309 542 365 582 A.
399 542 643 583 Postumius
679 541 863 582 Albinus
906 542 1098 596 legerunt
1140 549 1350 591 senatu1n3
1393 541 1588 596 princeps

232 605 365 645 lectus
390 604 454 644 M.
480 604 688 645 Aemilius
714 604 904 658 Lepidus
928 604 1133 658 pontufex
1158 604 1380 644 maximus.
1440 603 1492 645 de
1525 618 1589 644 se-

232 675 333 707 natu
358 681 509 707 novem
534 666 756 708 eiecerunt.
793 667 967 721 insignis
992 673 1115 707 notae
1140 666 1309 707 fuerunt
1332 666 1395 706 M.
1420 665 1590 707 Corneli

232 728 555 783 BIaluginensis,
576 729 648 782 qui
669 729 834 770 biennio
857 737 951 770 ante
972 737 1137 782 praetor
1156 729 1198 768 in
1212 728 1419 783 IIispania
1439 728 1589 776 fuerat,

234 799 274 832 et
298 791 351 831 L.
367 790 537 832 Corneli
559 791 767 845 Scipionis
793 791 1009 846 praetoris,
1037 791 1153 831 cuins
1181 801 1269 831 tum
1296 792 1402 832 inter
1428 790 1529 831 civis
1550 796 1591 830 et

233 854 475 908 peregrinos
500 853 729 893 iurisdictio
757 861 856 901 crat,
883 853 998 894 etM.
1013 853 1151 901 Fulvi,
1177 854 1247 906 qui
1274 853 1402 894 frater
1426 867 1591 907 germa-

233 931 311 956 nus
337 923 396 964 et,
421 922 468 956 ut
492 915 687 957 Valerius
713 915 865 955 Antias
891 915 1035 963 tradit,
1062 929 1230 955 consors
1257 915 1383 955 etiam
1408 913 1590 955 censoris

189 992 206 1021 3
234 985 334 1018 crat.
372 978 561 1018 consules
586 977 695 1017 votis
720 977 762 1017 in
778 976 986 1031 Capitolio
1012 977 1263 1031 nuncupatis
1288 976 1331 1016 in
1354 976 1589 1030 provincias

233 1039 409 1093 profecti
435 1048 543 1079 sunt.
582 1054 634 1079 ex
658 1039 707 1079 iis
733 1039 795 1079 M.
817 1039 1002 1079 Aemilio
1028 1046 1196 1079 senatus
1221 1038 1437 1093 negotium
1463 1038 1590 1086 dedit,

233 1108 278 1141 ut
302 1100 606 1141 Patavinorum
631 1099 674 1140 in
694 1100 875 1141 Venetia
899 1100 1145 1141 seditionem
1171 1100 1461 1154 conprimeret,
1487 1113 1591 1153 quos

234 1164 458 1205 certamine
495 1163 727 1204 factionum
759 1163 812 1204 ad
847 1163 1092 1204 intestinum
1128 1163 1286 1204 bellum
1317 1163 1520 1204 exarsisse
1552 1169 1593 1202 et

189 1243 209 1271 4
235 1226 422 1280 ipsorum
458 1227 587 1281 legati
622 1226 872 1266 adtulerant.
940 1225 1069 1280 legati
1104 1225 1176 1278 qui
1211 1225 1254 1265 in
1290 1224 1502 1266 Aetoliam
1539 1223 1591 1264 ad

235 1289 378 1330 similis
404 1297 542 1329 motus
569 1288 888 1343 conprimendos
913 1288 1048 1329 ierant
1072 1288 1385 1336 renuntiarunt,
1412 1287 1593 1328 coerceri

235 1350 395 1391 rabiem
419 1351 556 1405 gentis
586 1365 670 1391 non
694 1365 830 1405 posse.
889 1350 1108 1390 Patavinis
1135 1350 1258 1390 saluti
1282 1349 1362 1390 fuit
1387 1349 1592 1398 adventus

236 1412 416 1453 consulis
426 1429 436 1461 3
467 1428 604 1466 neque
637 1413 749 1453 aliud
775 1413 887 1466 quod
918 1419 1059 1467 ageret
1091 1412 1134 1452 in
1158 1412 1374 1466 provincia
1399 1426 1495 1452 cum
1518 1411 1593 1451 ha-

191 1492 209 1519 g,
236 1474 412 1523 buisset,
444 1475 625 1515 Romam
655 1475 790 1515 rediit.
852 1489 1044 1515 censores
1079 1475 1167 1515 vias
1201 1474 1446 1515 sternendas
1479 1473 1591 1514 silice

235 1536 278 1576 in
297 1536 413 1583 urbe,
433 1537 575 1590 glarea
597 1544 715 1577 extra
729 1537 877 1577 urbem
896 1537 1196 1577 substruendas
1210 1535 1591 1590 marginandasque

235 1599 358 1653 primi
384 1600 568 1639 omnium
593 1600 856 1648 locaverunt,
888 1608 1119 1653 pontesque
1144 1599 1284 1639 multis
1309 1598 1411 1639 locis
1436 1597 1593 1638 facien-

237 1662 332 1710 dos3
371 1669 411 1702 et
446 1676 641 1702 scaenam
672 1662 877 1702 aedilibus
909 1661 1256 1717 praetoribusque
1287 1660 1591 1715 praebendam3

193 1739 210 1768 6
237 1732 277 1764 et
315 1738 500 1764 carceres
537 1724 580 1764 in
611 1724 741 1772 circe,
779 1732 818 1765 et
851 1739 930 1765 ova
961 1724 1015 1765 ad
1049 1731 1169 1764 notas
1200 1723 1415 1763 curriculis
1446 1736 1592 1762 nume—

236 1785 418 1840 ran[dis]
444 1796 467 1818 ἃ
494 1786 602 1834 dam,
630 1794 668 1827 et
693 1794 825 1827 metas
848 1794 960 1827 trans
985 1796 1009 1819 ÷÷
1034 1794 1074 1827 et
1094 1800 1243 1826 caveas
1263 1785 1399 1826 ferrea
1417 1794 1441 1816 ÷÷
1464 1784 1593 1824 intro-

194 1863 210 1892 7
235 1847 538 1903 mitterentu[r]
571 1859 595 1881 ÷÷
626 1848 738 1889 feriis
778 1849 821 1888 in
858 1855 998 1889 monte
1034 1848 1204 1888 Albano
1248 1846 1509 1895 consulibus,
1552 1853 1594 1886 et

237 1911 388 1951 clivom
404 1910 689 1965 Capitolinum
716 1911 828 1952 silice
854 1910 1124 1952 sternendum
1144 1917 1408 1957 curaverunt,
1434 1915 1475 1949 ct
1498 1922 1595 1962 por-

237 1972 365 2013 ticum
396 1972 449 2013 ab
480 1973 583 2014 aede
616 1972 786 2015 Saturni
815 1973 860 2014 in
892 1971 1149 2027 Capitolium
1180 1972 1234 2012 ad
1271 1971 1515 2012 senaculum
1545 1983 1594 2010 ac

192 2048 211 2078 S
238 2048 363 2088 super
387 2035 430 2075 id
455 2035 625 2076 curiam.
664 2043 705 2076 et
730 2044 847 2076 extra
871 2042 1032 2089 portam
1048 2033 1336 2089 Trigeminam
1362 2032 1595 2087 emporium

237 2097 376 2151 lapide
407 2105 644 2138 straverunt
681 2098 975 2152 stipitibusque
1011 2104 1274 2151 saepserunt,
1314 2103 1355 2136 et
1386 2095 1595 2149 porticum

237 2159 463 2200 Aemiliam
499 2160 766 2201 reficiendam
797 2166 1016 2209 curarunt,
1053 2159 1339 2214 gradibusque
1376 2171 1595 2198 ascensum

194 2234 211 2262 9
239 2221 291 2261 ab
317 2221 460 2262 Tiberi
489 2222 532 2262 in
564 2222 796 2276 emporium
829 2222 1030 2263 fecerunt.
1092 2228 1131 2262 et
1158 2228 1275 2262 extra
1300 2219 1475 2261 eandem
1499 2232 1595 2273 por-

238 2290 322 2322 tam
348 2283 390 2323 in
416 2284 674 2324 Aventinum
701 2284 908 2338 porticum
933 2284 1047 2325 silice
1073 2289 1309 2324 straverunt
1332 2283 1353 2333 †
1378 2288 1418 2322 et
1443 2295 1491 2321 eo
1518 2295 1596 2334 pu-

177 2357 214 2385 10
239 2343 347 2383 blico
374 2345 426 2384 ab
452 2346 553 2385 aede
573 2346 751 2387 Veneris
778 2346 980 2387 fecerunt.
1017 2345 1129 2386 idem
1145 2343 1333 2385 Calatiae
1360 2351 1398 2384 et
1419 2341 1596 2383 Auximi

238 2420 380 2445 muros
404 2406 617 2447 faciendos
643 2408 904 2457 locaverunt,
930 2407 1194 2460 venditisque
1213 2406 1272 2446 ibi
1296 2405 1474 2460 publicis
1493 2403 1596 2445 locis

240 2468 479 2521 pecuniam,
517 2483 625 2521 quae
657 2470 825 2510 redacta
849 2479 956 2519 erat,
995 2469 1176 2510 tabernis
1207 2469 1372 2521 utrique
1403 2467 1493 2507 foro
1519 2466 1597 2507 cir-

177 2543 213 2571 11
242 2529 487 2569 cumdandis
514 2540 874 2583 ctmsumpscrunt.
924 2540 964 2572 et
994 2532 1098 2573 alter
1123 2547 1175 2572 ex
1200 2531 1248 2571 iis
1272 2530 1449 2571 Fulvius
1474 2529 1596 2569 Flac-

242 2605 493 2631 cus—nani
506 2591 750 2632 Postumius
776 2593 878 2632 nihil
903 2593 982 2633 nisi
1009 2601 1176 2634 senatus
1196 2592 1378 2634 Romani
1397 2590 1594 2646 populive

242 2653 357 2694 iussu
388 2668 430 2694 se
462 2654 695 2694 locaturum
727 2654 913 2708 ipsorum
947 2655 1123 2708 pecunia
1157 2652 1364 2709 [dicebat]
1397 2678 1451 2682 —
1482 2651 1594 2693 Iovis

189 620 207 649 10
