1804 2926
499 152 652 186 LIBER
675 150 882 195 XXXXH,
908 151 1007 185 3⁴5.
1035 150 1237 194 [a.c.173]
1492 143 1542 182 31

197 272 340 300 omnes
371 254 621 296 sententiam
650 254 808 303 ierunt,
842 260 890 294 ut
914 268 987 295 eae
1012 254 1179 308 tegulae
1204 254 1481 308 reportandae
1506 255 1548 295 in

196 319 397 373 templum
423 315 700 372 [locarentur]
726 315 1037 371 piaculariaque
1062 316 1214 356 Iunoni
1238 317 1398 358 fierent.
1441 331 1548 370 quae

196 380 249 422 ad
272 380 517 433 religionem
541 379 768 433 pertinent,
793 392 890 418 cum
914 392 1014 418 cura
1039 377 1151 418 facta
1160 394 1169 427 3
1196 379 1360 433 tegulas
1385 379 1550 419 relicta-s

195 444 238 483 in
273 457 370 482 area
404 441 569 495 templi,
607 441 705 494 quia
740 439 1075 494 reponendarum
1106 455 1229 481 nemo
1261 440 1412 482 artifex
1447 440 1551 480 inire

195 505 398 546 rationem
422 503 617 557 potuerit,
642 502 927 557 redemptores
953 503 1210 543 nuntiarunt.

280 566 386 606 ΗΠ.
423 565 491 605 Ex
509 565 786 620 praetoribus,
812 564 883 618 qui
902 565 945 604 in
965 565 1202 618 provincias
1221 564 1368 611 ierant,
1393 564 1446 604 N.
1468 563 1551 604 Fa·-

196 629 290 668 bius
303 627 518 668 Blassiliae
542 627 731 676 moritur,
758 641 853 667 cum
878 627 921 667 in
941 627 1174 667 citeriorem
1188 626 1440 680 Hispaniam
1460 626 1550 666 iret.

196 691 336 744 itaque
363 705 458 731 cum
482 690 526 730 id
549 688 785 730 nuntiatum
809 688 874 744 [a]
890 689 1227 730 Massiliensibus
1253 689 1403 743 legatis
1430 696 1550 736 esset,

197 759 365 793 senatus
397 752 601 800 decrevit,
638 759 685 792 ut.
708 751 759 792 P.
785 751 938 791 Furius
965 759 1005 792 et
1033 749 1111 792 Cn.
1140 750 1362 798 Servilius,
1399 751 1552 803 quibus

198 815 514 863 succedebatur,
538 815 646 854 inter
671 829 714 855 sc
741 814 997 863 sortirentur,
1021 822 1114 854 uter
1139 813 1371 854 citeriorem
1395 813 1552 867 Hispa-

197 877 309 917 niam
340 884 565 931 prorogato
596 875 770 930 imperio
802 876 1019 930 optineret.
1080 890 1168 916 sors
1194 884 1429 930 opportuna
1459 875 1551 923 fuit,

199 937 287 993 [ut]
302 938 352 978 P.
366 938 519 978 Furius
538 938 663 987 idem,
691 938 808 978 cuius
833 953 881 978 ca
901 938 1115 992 provincia
1134 938 1283 986 fuerat,
1304 944 1548 978 remaneret.

283 1001 446 1042 Eodem
466 1016 586 1050 anno,
609 1015 703 1042 cum
723 1001 813 1055 agri
833 1000 1047 1055 Ligustini
1069 1008 1108 1042 et
1124 1000 1291 1050 Gallici,
1313 1001 1424 1054 quod
1443 999 1552 1041 bello

200 1070 369 1118 captum
405 1070 512 1111 erat,
550 1063 809 1116 aliquantum
843 1070 1030 1112 vacaret,
1068 1070 1237 1104 senatus
1275 1062 1551 1103 consultumst

199 1126 370 1173 factum,
395 1133 442 1165 ut
460 1125 494 1165 is
515 1140 615 1179 ager
634 1125 788 1165 viritim
808 1124 1076 1165 divideretur.
1120 1125 1378 1165 decemviros
1397 1124 1441 1164 in
1461 1138 1552 1164 eam

201 1186 329 1241 [rem]
357 1202 408 1227 ex
434 1197 602 1227 senatus
635 1187 823 1227 consulto
850 1187 1006 1227 creavit
1029 1187 1084 1227 A.
1111 1187 1267 1227 Atilius
1294 1196 1460 1241 praetor
1484 1201 1554 1226 ur-

202 1250 333 1289 banus
358 1249 421 1289 M.
442 1249 673 1290 Aemilium
692 1249 918 1302 Lepidum,
946 1247 995 1288 C.
1018 1247 1227 1297 Cassium,
1253 1249 1304 1288 Τ.
1319 1248 1553 1289 Aebutium

201 1310 372 1359 Carum,
399 1308 448 1350 C.
465 1310 749 1359 Tremellium,
768 1310 820 1350 P.
836 1308 1081 1350 Cornelium
1097 1308 1348 1364 Cethegum,
1375 1309 1429 1362 Q.
1446 1319 1485 1351 et
1499 1310 1551 1350 L.

199 1372 451 1426 Appuleios,
489 1372 552 1412 M.
581 1370 833 1420 Caecilium,
867 1370 918 1412 C.
946 1371 1182 1421 Salonium,
1222 1371 1271 1413 C.
1297 1372 1552 1412 BIunatinm.

200 1434 430 1475 diviserunt
455 1434 563 1475 dena
586 1434 733 1489 iugera
755 1434 799 1474 in
824 1434 1031 1489 singulos,
1058 1434 1180 1475 sociis
1205 1434 1385 1475 nominis
1410 1433 1553 1474 Latini

199 1504 328 1538 terna.
1410 1533 1413 1535 ,

284 1558 369 1599 Per
405 1558 518 1599 idem
554 1565 740 1613 tempus,
778 1572 861 1611 quo
904 1558 1008 1599 haec
1044 1559 1297 1613 agebantur,
1340 1557 1468 1612 legati
1503 1573 1555 1599 ex

199 1619 369 1660 Aetolia
400 1620 579 1661 Romam
610 1628 815 1661 venerunt
853 1620 904 1661 de
943 1620 1159 1661 discordiis
1197 1620 1554 1673 seditionibusque

201 1682 306 1731 suis,
342 1689 383 1723 et
413 1682 606 1723 Thessali
635 1683 764 1737 legati
794 1683 1052 1732 nuntiantes,
1088 1697 1197 1736 quae
1229 1682 1273 1722 in
1302 1682 1555 1723 BIacedonia

200 1752 456 1799 gererentur.

286 1806 340 1848 V.
376 1806 559 1848 Perseus
579 1807 736 1847 bellum
754 1807 839 1848 iam
858 1807 953 1848 vivo
974 1814 1090 1862 patre
1111 1807 1338 1861 cogitatum
1357 1807 1399 1848 in
1419 1807 1556 1848 animo

203 1869 396 1917 volvens,
428 1869 561 1909 omnis
592 1883 676 1909 non
700 1870 835 1923 gentis
860 1870 984 1909 modo
1012 1868 1236 1918 Graeciae,
1270 1870 1342 1910 sed
1368 1869 1556 1910 civitates

203 1930 327 1970 etiam
347 1930 626 1983 legationibus
646 1931 871 1979 mittendis,
892 1931 1125 1984 pollicendo
1145 1932 1266 1984 plura
1286 1945 1412 1984 quam
1437 1945 1557 1984 prae-

204 1991 371 2039 stando,
398 1991 476 2031 sibi
502 1991 762 2032 conciliabat.
812 2000 928 2032 erant
953 2000 1093 2033 tamen
1116 2008 1271 2046 magna
1296 2007 1317 2032 e
1342 2000 1459 2046 parte
1483 1992 1558 2031 ho-

205 2053 364 2093 minum
383 2053 436 2093 ad
456 2052 643 2093 favorem
664 2053 751 2093 eius
770 2053 956 2094 inclinati
976 2054 1116 2102 animi,
1138 2062 1179 2094 et
1198 2053 1411 2106 aliquanto
1431 2067 1557 2106 quam

1578 330 1613 359 11

1579 703 1596 732 10

1585 2003 1602 2031 ¹0

204 2115 247 2156 in
270 2114 507 2156 Eumenem
531 2115 841 2169 propensiores,
874 2130 969 2155 cum
994 2115 1198 2156 Eumenis
1229 2115 1442 2156 beneficiis
1466 2130 1558 2155 mu-
1584 2126 1601 2154 a

205 2177 458 2230 neribusque
490 2191 632 2217 omnes
667 2176 872 2218 Graeciae
905 2177 1091 2217 civitates
1117 2185 1155 2218 et
1187 2177 1375 2231 plerique
1406 2177 1558 2231 princi—-

205 2254 307 2293 pum
327 2239 501 2293 obligati
521 2246 656 2280 essent
678 2246 717 2279 et
735 2239 792 2279 ita
813 2254 855 2279 se
874 2238 916 2279 in
935 2253 1064 2293 regno
1085 2253 1160 2279 suo
1184 2246 1361 2293 gereret,
1387 2246 1431 2279 ut
1451 2253 1558 2291 quae

207 2300 285 2340 sub
323 2300 484 2341 dicione
522 2301 609 2341 eius
642 2300 766 2341 urbes
798 2298 977 2355 [essent]
1009 2300 1163 2340 nullius
1194 2301 1349 2341 liberae
1380 2300 1558 2341 civitatis

207 2362 417 2401 fortunam
448 2376 590 2403 seeum
621 2369 825 2402 mutatam
855 2362 1020 2402 vellent.
1087 2369 1230 2402 contra
1257 2362 1416 2403 Persea
1445 2362 1558 2402 fama

208 2431 295 2464 erat
314 2432 408 2478 post
426 2424 554 2478 patris
574 2435 750 2464 mortem
768 2438 943 2465 uxorem
962 2439 1089 2464 manu
1110 2439 1185 2464 sua
1200 2424 1412 2473 occidisse,
1426 2425 1559 2478 Apel-

207 2486 302 2532 lem,
326 2485 562 2525 ministrum
588 2486 799 2538 quondam
824 2486 982 2526 fraudis
1007 2486 1050 2526 in
1074 2486 1200 2527 fratre
1226 2486 1408 2527 tollendo
1435 2494 1558 2538 atque

208 2547 262 2587 ob
275 2547 317 2587 id
331 2557 372 2588 et
386 2548 620 2601 quaesitum
634 2563 658 2588 a
670 2547 868 2602 Philippo
883 2548 935 2588 ad
949 2548 1200 2602 supplicium
1215 2547 1296 2602 [et]
1307 2549 1558 2594 exulantem,

209 2609 455 2651 accersitum
491 2617 584 2664 post
620 2609 748 2664 patris
785 2617 960 2651 mortem
991 2610 1231 2664 ingentibus
1262 2610 1474 2664 promissis
1506 2609 1556 2649 ad
