1804 2926
497 152 650 186 LIBER.
675 151 904 194 XXXXIII,
930 150 986 184 21.
1007 150 1062 183 22.
1089 152 1139 191 [a.
1155 148 1194 183 C.
1213 150 1292 193 169]
1489 141 1569 181 105

217 256 358 311 exigit.
429 255 707 296 Penestarum
743 253 910 294 obsides
947 253 1236 308 Apolloniam,
1272 253 1570 295 Parthinorum

220 317 531 373 Dyrrhachium
562 341 618 345 —
649 324 738 357 tum
775 316 1002 370 Epidamni
1044 317 1178 370 magis
1217 316 1379 358 celebre
1417 332 1569 358 nomen

218 379 391 421 Graecis
418 387 503 420 erat
529 403 585 407 ——
610 378 737 419 missi.

298 442 384 495 Ap.
411 439 615 481 Claudius
642 448 857 495 acceptam
881 440 924 480 in
948 440 1117 494 Illyrico
1142 440 1417 495 ignominiam
1443 441 1570 482 00111-

215 518 313 558 gere
339 502 510 557 cupiens
535 502 794 551 Phanotam,
827 501 947 556 Epiri
972 502 1209 551 castellum,
1241 503 1411 543 adortus
1437 518 1571 557 oppu-

213 580 343 619 gnare
368 572 442 606 est.
480 564 634 605 auxilia
655 564 945 605 Athamanum
965 564 1380 619 Thesprotorumque
1405 574 1570 619 praeter

214 628 452 668 Romanum
480 626 727 675 exercitum,
769 626 823 667 ad
854 641 928 667 sex
954 624 1120 681 [milia]
1145 626 1390 675 hominum,
1427 641 1569 668 secum

215 689 410 737 adduxit,
436 703 574 742 neque
601 703 752 743 operae
777 688 958 742 pretium
984 688 1096 737 fecit,
1123 686 1274 736 Cleua,
1305 689 1377 742 qui
1401 689 1569 730 relictus

214 766 238 791 a
261 750 419 792 Perseo
445 759 546 800 erat,
573 765 669 792 cum
696 751 835 792 valido
860 750 1068 805 praesidio
1095 750 1358 792 defendente.
1403 759 1444 792 et
1467 751 1572 792 Per-

215 828 310 854 seus
342 812 551 854 Elimeam
585 813 797 868 profectus
831 820 872 854 et
902 813 1013 853 circa
1044 828 1135 853 eam
1167 813 1352 854 exercitu
1381 813 1570 862 lustrato,

214 876 268 916 ad
283 874 471 916 Stratum
489 875 738 916 vocantibus
754 875 938 930 Epirotis
958 875 1084 915 ducit.
1125 874 1290 916 Stratus
1315 875 1571 916 validissima

214 946 303 978 tum
328 938 427 978 urbs
441 937 634 979 Aetoliae
660 946 767 987 erat3
793 937 871 978 sita
891 944 953 978 est
976 952 1100 992 super
1113 937 1390 978 Ambracium
1417 938 1568 984 sinum,

214 1015 344 1054 prope
370 1015 535 1041 amnem
559 1000 778 1040 Inachum.
823 1014 920 1041 cum
945 999 1090 1041 decem
1115 999 1283 1040 milibus
1307 1000 1494 1054 peditum
1520 1015 1569 1040 00

214 1063 425 1117 profectus
452 1070 514 1103 est
539 1070 579 1104 et
610 1063 818 1116 equitibus
844 1062 1057 1111 trecentis,
1090 1076 1194 1114 quos
1225 1063 1444 1116 pauciores
1474 1077 1571 1116 pro-

213 1132 306 1179 pter
319 1125 534 1178 angustias
556 1125 718 1165 viarum
739 1132 779 1165 et
799 1125 1067 1179 asperitatem
1090 1124 1220 1165 duxit.
1258 1124 1379 1165 tertio
1395 1124 1460 1164 die
1475 1139 1571 1164 cum

214 1187 471 1240 pervenisset
496 1186 549 1226 ad
575 1185 733 1226 Citium
758 1197 962 1234 montem,
995 1186 1066 1226 vix
1091 1193 1376 1240 transgressus
1402 1194 1572 1240 propter

215 1248 476 1289 altitudinem
515 1248 621 1288 nivis
666 1248 806 1288 10011111
842 1262 1010 1300 quoque
1055 1248 1198 1288 castris
1237 1263 1362 1302 aegre
1398 1248 1568 1289 invenit.

214 1310 425 1365 profectus
449 1309 545 1350 inde
577 1309 710 1363 magis
742 1309 841 1362 quia
870 1323 1039 1349 manere
1064 1324 1149 1348 non
1183 1316 1367 1363 poterat,
1400 1307 1568 1364 [quam]

214 1372 326 1425 quod
351 1371 576 1412 tolerabilis
603 1379 673 1411 aut
698 1371 767 1410 via
793 1378 862 1411 aut
890 1378 1115 1424 tempestas
1142 1382 1262 1418 esset,
1289 1386 1385 1411 cum
1409 1371 1571 1425 ingenti

213 1433 447 1481 vexatione,
471 1433 695 1487 praecipue
720 1433 1014 1481 iumentorum,
1041 1432 1171 1472 altero
1198 1433 1264 1473 die
1289 1432 1343 1472 ad
1368 1434 1571 1487 templum

212 1497 340 1545 Iovis,
365 1496 568 1537 Nicaeum
589 1511 715 1549 quem
734 1503 898 1543 vocant,
924 1495 1064 1549 posuit
1089 1502 1238 1535 castra.
1275 1495 1330 1535 ad
1342 1495 1569 1535 Aratthum

213 1559 310 1599 inde
347 1559 503 1599 flumen
538 1558 684 1599 itinere
726 1557 887 1612 ingenti
924 1572 1092 1598 emenso
1130 1564 1314 1598 retentus
1351 1557 1569 1598 altitudine

214 1620 348 1661 amnis
374 1618 466 1674 [m]
500 1619 664 1660 mansit.
726 1633 808 1672 quo
835 1618 969 1673 spatio
994 1618 1193 1673 temporis
1218 1626 1343 1673 ponte
1368 1618 1569 1673 perfecto,

213 1682 414 1723 traductis
441 1682 569 1736 copiis
595 1681 676 1722 diei
700 1696 948 1736 progressus
973 1680 1050 1722 iter
1076 1681 1248 1721 obvium
1261 1681 1570 1721 Archidamum

213 1744 444 1798 principem
474 1744 743 1793 Aetolorum,
779 1758 854 1798 per
885 1757 1010 1797 quem
1043 1742 1080 1784 ei
1112 1742 1279 1784 Stratus
1317 1743 1572 1791 tradebatur,

214 1806 374 1847 habuit.

300 1868 456 1908 XXII.
494 1867 558 1908 Eo
579 1868 644 1909 die
665 1868 718 1909 ad
737 1868 862 1909 finem
882 1868 972 1923 agri
985 1868 1128 1909 Aetoli
1150 1874 1285 1909 castra
1309 1868 1457 1922 posita,
1477 1867 1572 1908 inde

216 1931 346 1971 altero
378 1930 444 1970 die
481 1929 535 1969 ad
569 1930 758 1971 Stratum
793 1938 1061 1984 pervcntum3
1098 1930 1171 1970 ubi
1207 1945 1338 1984 prope
1369 1930 1573 1970 Inachum

216 2006 384 2033 amnem
416 1991 560 2031 castris
586 1990 773 2045 [positis]
800 2007 895 2032 cum
927 1999 1165 2045 expectaret
1198 1991 1352 2032 effusos
1379 1991 1572 2031 omnibus

216 2054 347 2109 portis
381 2053 554 2093 Aetolos
591 2054 634 2093 in
670 2053 796 2094 fidem
827 2068 945 2093 suam
978 2060 1194 2101 venturos,
1233 2053 1395 2093 clausas
1431 2060 1572 2106 portas

218 2125 342 2170 atque
373 2115 465 2169 ipsa
494 2130 543 2155 ea
574 2122 715 2163 nocte,
753 2129 837 2167 qua
867 2121 1057 2163 venerat,
1095 2122 1311 2168 receptum
1334 2114 1573 2155 Romanum

216 2178 471 2234 praesidium
498 2192 593 2218 cum
617 2175 667 2217 C.
689 2177 871 2231 Popillio
896 2177 1034 2231 legato
1059 2177 1231 2217 invenit.
1267 2176 1476 2231 principes
1502 2176 1572 2230 qui

216 2238 447 2295 praesentis
473 2237 722 2279 Archidami
759 2238 1006 2279 auctoritate
1041 2237 1233 2292 conpulsi
1263 2253 1406 2292 regem
1438 2253 1574 2279 arces-

218 2303 385 2351 sierant,
411 2301 580 2342 obviam
606 2314 774 2354 egresso
793 2300 1051 2340 Archidamo
1072 2299 1284 2354 segniores
1310 2299 1410 2340 facti
1434 2300 1574 2340 locum

219 2365 417 2405 adversae
442 2362 616 2403 factioni
641 2362 839 2403 dederant
866 2362 920 2402 ad
942 2361 1172 2416 Popillium
1198 2376 1294 2402 cum
1319 2362 1431 2402 mille
1455 2362 1572 2416 pedi-

218 2427 329 2466 tibus
344 2426 397 2466 ab
410 2424 642 2466 Ambracia
657 2424 967 2465 accersendum.
1004 2425 1048 2464 in
1062 2432 1248 2479 tempore
1263 2432 1303 2465 et
1315 2424 1570 2473 Dinarchus,

218 2487 453 2542 praefectus
480 2487 668 2540 equitum
693 2486 828 2540 gentis
853 2486 1121 2535 Aetolorum,
1155 2501 1251 2528 cum
1276 2487 1475 2528 sescentis
1499 2502 1572 2542 pe-

219 2549 374 2590 ditibus
400 2556 440 2590 et
465 2549 674 2603 equitibus
702 2547 889 2603 [centum
914 2547 1062 2603 venit.]
1108 2550 1207 2590 satis
1233 2550 1452 2590 constabat
1476 2565 1570 2591 eum

219 2621 432 2665 tamquam
458 2612 510 2652 ad
537 2612 696 2654 Persea
721 2610 960 2652 tendentem
987 2610 1174 2653 Stratum
1199 2612 1381 2661 venisse,
1412 2620 1572 2652 mutato

1596 882 1614 911 «3

1600 1942 1617 1970 N«

1598 2188 1617 2217 3

1603 2437 1617 2466 4

1598 2563 1616 2591 5
