1804 2926
246 187 330 227 202
519 195 810 232 PERIOCHAE
835 197 1102 233 LIBRORUM
1125 197 1334 233 LII—LV.

245 287 322 321 eius
336 287 495 321 exercitu
509 286 617 331 cepit,
633 291 716 332 post
729 299 835 332 quem
852 288 1067 322 C.Plautius
1081 292 1228 332 praetor
1239 288 1354 324 nihilo
1367 289 1510 326 felicius
1522 303 1598 327 rem

243 332 369 377 gessit.
394 336 609 376 tantumque
625 338 799 368 terrorem
813 334 843 367 is
858 334 970 368 hostis
983 334 1118 377 intulit,
1133 338 1174 368 ut
1188 334 1362 368 adversus
1375 347 1457 370 cum
1471 347 1598 371 consu-

244 377 312 411 lari
331 389 422 421 opus
442 381 540 412 esset
553 381 589 411 et
603 378 694 413 duce
709 382 745 412 et
759 379 931 413 exercitu.
967 383 1160 423 praeterea
1173 383 1292 413 motus
1307 379 1436 425 Syriae
1449 385 1487 416 et
1499 381 1600 416 bella

243 423 339 457 inter
355 434 463 468 reges
481 426 589 468 gesta
601 424 819 457 referuntur.
856 424 1068 458 Alexander
1092 425 1200 458 homo
1219 424 1367 469 ignotus
1388 430 1425 460 et
1436 427 1598 462 incertae

243 468 364 512 stirpis
379 468 516 511 occiso,
539 468 632 502 sieut
646 472 731 502 ante
745 468 881 502 dictum
896 474 967 512 est,
989 468 1178 504 Demetrio
1192 481 1279 515 rege
1294 471 1331 503 in
1346 470 1454 515 Syria
1467 482 1598 517 regna—

242 513 316 547 bat.
354 513 450 547 hunc
463 513 672 548 Demetrius
686 513 849 548 Demetri
865 513 972 558 filius,
996 515 1057 559 qui
1072 526 1093 548 a
1106 519 1210 559 patre
1225 515 1408 559 quondam
1423 516 1470 550 ob
1484 516 1599 552 incer-

242 562 298 591 tos
312 558 401 592 belli
415 570 521 593 casus
536 559 731 593 ablevatus
747 558 896 593 Gnidon
910 560 1041 602 fuerat,
1057 566 1267 604 contempta
1275 561 1598 596 secordiainertia-

241 615 311 648 que
321 603 410 647 eius,
422 586 842 638 adi11vanteT’t01e111aeo
851 604 1123 650 Aegyptirege,
1133 605 1234 639 euius
1243 605 1357 640 filiam
1366 606 1599 651 Cleopatram

241 649 278 682 in
292 649 560 683 matrimonium
575 654 782 694 acceperat,
797 649 895 683 bello
909 651 1104 685 interemit.
1136 651 1371 685 Ptolemaeus
1385 652 1548 697 graviter
1560 652 1598 685 in

241 698 353 738 caput
382 695 596 729 vulneratus
626 694 721 729 inter
751 695 994 739 curationem,
1029 696 1114 728 dum
1146 706 1229 730 ossa
1254 696 1386 730 medici
1410 696 1598 731 terebrare

240 739 478 783 contendunt,
494 740 682 784 expiravit,
699 744 809 784 atquc
824 740 993 774 inlocum
1008 740 1085 775 eius
1099 740 1214 775 frater
1226 741 1597 785 minorPtolemaeus,

241 785 302 828 qui
317 785 470 829 Cyrenis
483 785 677 830 regnabat,
698 786 883 820 successit.
920 786 1130 820 Demetrius
1145 786 1191 819 ob
1206 787 1471 829 cmdelitatem,
1488 798 1597 831 quam

240 829 276 862 in
297 841 379 864 suos
399 841 465 873 per
478 834 661 865 tormenta
674 831 885 873 exercebat,
907 831 953 864 ab
970 830 1128 864 Diodoto
1144 831 1313 875 quodam,
1335 843 1407 865 uno
1422 843 1463 866 ex
1479 832 1598 866 subie—

240 875 325 917 ctis,
349 876 409 919 qui
425 875 627 909 Alexandri
647 875 722 909 filio
737 876 872 909 bimulo
887 876 1083 909 admodum
1097 887 1251 921 regnum
1265 876 1478 920 adserebat,
1499 876 1598 911 bello

239 924 433 963 superatus
449 919 663 954 Seleuceam
683 921 860 966 confugit.
898 921 942 953 L.
957 920 1151 954 Mummius
1166 921 1210 955 de
1224 921 1385 954 Achaeis
1398 921 1597 965 triumpha-

239 964 301 1008 vit,
316 964 423 1010 signa
436 976 545 999 aerea
558 975 834 1010 marmoreaque
850 969 887 999 et
899 965 1047 999 tabulas
1060 965 1178 1010 pictas
1193 965 1230 999 in
1243 965 1427 1010 triumpho
1441 966 1535 1000 tulit.

809 1018 860 1042 fix
874 1018 945 1041 ΜΒ.
961 1017 1039 1042 L111.

305 1054 450 1098 Appius
476 1054 653 1088 Claudius
679 1055 807 1089 consul
833 1055 1017 1098 Salassos,
1050 1059 1198 1100 gentem
1223 1055 1415 1100 Alpinam,
1449 1056 1597 1091 domuit.

239 1100 333 1133 alter
346 1100 682 1144 Pseudophilippus
702 1100 739 1133 in
753 1100 972 1134 Macedonia
987 1111 1008 1134 a
1022 1099 1066 1133 L.
1083 1100 1282 1135 Tremellio
1303 1105 1497 1145 quaestore
1517 1114 1599 1136 cum

239 1146 401 1178 exercitu
426 1156 555 1178 caesus
581 1149 647 1179 est.
698 1145 740 1185 Q.
768 1145 951 1179 Caecilius
975 1145 1148 1179 Metellus
1172 1146 1369 1190 proconsul
1394 1146 1599 1182 Celtiberos

239 1189 373 1224 cecidit
394 1194 430 1224 et
445 1202 465 1224 a
479 1189 522 1230 Q.
538 1190 656 1224 Fabio
670 1191 887 1234 proconsule
902 1201 1039 1235 magna
1051 1202 1136 1235 pars
1149 1191 1365 1226 Lusitaniae
1380 1193 1598 1238 expugnatis

240 1235 381 1278 aliquot
399 1235 552 1269 urbibus
570 1241 723 1280 recepta
741 1240 806 1270 est.
843 1236 987 1270 Acilius
1006 1240 1153 1271 senator
1173 1235 1316 1271 Graece
1335 1248 1393 1271 res
1411 1237 1599 1272 Romanas

239 1280 378 1314 scribit.

800 1328 850 1352 Ex
863 1328 937 1352 LIB.
951 1328 1042 1353 L1111.

307 1369 350 1410 Q.
375 1370 574 1415 Pompeius
605 1371 734 1405 consul
764 1371 802 1404 in
826 1371 1010 1416 Hispania
1036 1371 1286 1407 Termestinos
1312 1372 1470 1418 subegit.
1518 1384 1599 1408 cum

238 1414 354 1450 isdem
370 1420 406 1450 et
420 1416 654 1450 Numantinis
668 1428 796 1460 pacem
814 1416 860 1450 ab
874 1416 1086 1451 infirmitate
1101 1417 1200 1452 fecit.
1237 1418 1390 1451 lustrum
1405 1430 1427 1452 a
1441 1419 1598 1453 censori-

239 1461 306 1494 bus
326 1461 513 1494 conditum
533 1466 604 1495 est:
630 1473 740 1495 censa
753 1465 838 1494 sunt
852 1462 983 1496 civium
998 1462 1122 1507 capita
1134 1467 1302 1497 trecenta
1314 1463 1445 1507 viginti
1459 1467 1599 1507 septem

239 1506 356 1548 inilia,
385 1506 657 1551 quadringenta
683 1507 932 1551 quadraginta
963 1508 1046 1541 duo.
1107 1519 1188 1541 cum
1214 1508 1458 1542 Macedonum
1482 1508 1599 1553 legati

240 1555 406 1594 questum
421 1551 464 1585 de
478 1551 525 1584 D.
543 1551 645 1584 lunio
661 1551 786 1585 Silano
799 1557 968 1595 praetore
982 1552 1177 1595 venissent,
1199 1553 1296 1597 quod
1311 1553 1473 1596 acceptis
1487 1564 1597 1597 pecu-

238 1596 307 1629 niis
339 1596 564 1640 provinciam
590 1596 800 1640 spoliasset,
834 1600 871 1630 et
896 1601 1045 1631 senatus
1071 1598 1115 1631 de
1142 1598 1314 1641 querellis
1339 1609 1463 1632 eorum
1487 1598 1599 1632 vellet

238 1652 477 1686 cognoscere,
500 1641 544 1674 T.
559 1641 720 1675 Manlius
734 1641 955 1685 Torquatus,
976 1646 1083 1686 pater
1096 1642 1230 1684 Silani,
1252 1643 1359 1687 petiit
1373 1643 1596 1687 impetravit-

239 1699 326 1731 que,
352 1691 394 1719 ut
419 1686 488 1719 sibi
514 1686 675 1731 cognitio
700 1687 956 1730 mandaretur3
983 1691 1020 1721 et
1045 1688 1142 1721 dorni
1167 1698 1280 1722 causa
1306 1688 1456 1733 cognita
1481 1687 1598 1722 filium

238 1732 496 1767 condemnavit
510 1731 779 1776 abdicavitque,
791 1743 833 1766 ac
847 1743 892 1766 ne
906 1732 1026 1766 funeri
1040 1732 1186 1776 quidem
1201 1733 1289 1776 eius,
1306 1744 1387 1766 cum
1401 1733 1598 1777 suspendio

237 1778 349 1811 vitam
368 1777 526 1820 finisset,
547 1776 713 1811 interfuit
733 1777 936 1821 sedensque
958 1777 1054 1811 domi
1070 1781 1289 1822 potestatem
1304 1778 1597 1812 consultantibus

239 1834 282 1856 cx
301 1822 467 1856 instituto
486 1822 586 1856 fecit.
625 1822 667 1862 Q.
684 1822 822 1856 Fabius
842 1823 1036 1866 proconsul
1055 1823 1165 1856 rebus
1180 1823 1216 1856 in
1229 1823 1413 1867 Hispania
1425 1834 1598 1868 prospere

239 1869 351 1914 gestis
371 1868 493 1902 labem
508 1867 681 1910 imposuit
694 1879 785 1911 pace
801 1879 882 1901 cum
895 1867 1039 1901 Viriato
1054 1868 1180 1911 aequis
1194 1868 1470 1902 condicionibus
1483 1868 1597 1902 facta.

239 1913 402 1947 Viriatus
423 1925 444 1947 a
458 1913 704 1957 proditoribus
725 1913 876 1946 consilio
892 1912 1023 1947 Servili
1038 1912 1234 1957 Caepionis
1253 1913 1467 1948 interfectus
1489 1917 1544 1948 est
1563 1917 1600 1948 et

240 1958 286 1991 ab
307 1959 468 1992 exercitu
488 1969 552 1991 suo
565 1957 720 1991 multum
734 1958 981 2001 comploratus
997 1968 1039 1991 ac
1052 1958 1227 1992 nobiliter
1239 1958 1404 2002 sepultus
1414 1986 1422 2002 ,
1443 1959 1498 1992 vir
1511 1959 1598 1992 dux-

239 2015 309 2047 que
334 2015 492 2048 magnus
519 2006 555 2037 et
579 2014 645 2046 per
670 2003 964 2046 quattuordecim
995 2014 1127 2038 ann-os.
1160 2004 1291 2049 quibus
1318 2015 1399 2038 cum
1421 2004 1598 2038 Romanis

239 2049 377 2083 bellum
390 2048 515 2093 gessit,
532 2048 760 2092 frequentius
775 2048 952 2091 superior.

814 2101 866 2125 Ex
879 2101 951 2125 LIB.
966 2101 1027 2126 LV.

306 2139 348 2172 P.
375 2138 544 2173 Cornelio
570 2138 726 2182 Nasica,
758 2138 817 2172 cui
843 2150 1046 2184 cognomen
1072 2137 1225 2183 Serapio
1249 2138 1320 2172 fuit
1344 2139 1390 2172 ab
1416 2138 1599 2174 inridente

240 2184 403 2218 Curiatio
434 2184 581 2217 tribuno
612 2184 731 2228 plebis
755 2184 970 2228 inpositum,
997 2184 1088 2220 Dec.
1114 2184 1221 2217 Iunio
1245 2183 1361 2217 Bruto
1387 2184 1598 2218 consulibus

240 2230 413 2263 dilectum
428 2229 668 2272 habentibus,
689 2230 727 2263 in
742 2233 942 2273 conspectu
955 2230 1113 2263 tironum
1126 2241 1184 2263 res
1198 2228 1427 2263 saluberrimi
1443 2229 1598 2274 exempli

239 2275 341 2308 facta
355 2279 427 2318 est,
447 2286 532 2309 nam
547 2275 586 2309 C.
601 2275 785 2309 Matienus
800 2278 992 2309 accusatus
1007 2278 1062 2309 est
1076 2278 1165 2319 aput
1177 2274 1342 2308 tribunos
1354 2274 1486 2319 plebis,
1502 2275 1600 2319 quod

241 2320 437 2354 exercitum
468 2320 507 2354 in
532 2320 716 2365 Hispania
749 2320 988 2364 deseruisset,
1022 2320 1289 2364 damnatusque
1315 2320 1382 2353 sub
1408 2319 1513 2354 furca
1537 2320 1599 2353 diu

240 2366 352 2410 virgis
366 2376 494 2399 caesus
509 2370 574 2408 est,
596 2369 633 2399 et
647 2365 813 2399 sestertio
827 2376 973 2399 nummo
987 2365 1112 2399 veniit.
1143 2365 1280 2398 tribum
1293 2365 1412 2409 plebis
1427 2365 1514 2409 quia
1526 2376 1600 2399 non

243 2410 493 2455 impetrarent,
514 2414 556 2444 ut
570 2410 639 2444 sibi
654 2411 766 2445 denos
781 2421 870 2455 quos
884 2411 1021 2445 vellent
1034 2410 1168 2444 milites
1183 2410 1339 2445 eximere
1353 2410 1491 2453 liceret,
1513 2421 1598 2444 con-

243 2456 337 2489 sules
356 2456 393 2489 in
407 2467 592 2491 carcerem
607 2456 689 2489 duci
703 2456 897 2490 iusserunt.
934 2456 1061 2489 Iunius
1074 2455 1210 2489 Brutus
1225 2455 1352 2489 consul
1365 2455 1402 2489 in
1416 2455 1599 2500 Hispania

243 2501 311 2543 eis,
340 2501 401 2544 qui
426 2501 492 2535 sub
512 2501 655 2535 Viriato
680 2501 946 2543 militaverant,
975 2512 1084 2546 agros
1110 2505 1146 2535 et
1166 2501 1341 2546 oppidum
1361 2501 1478 2544 dedit,
1501 2500 1598 2544 quod

242 2550 410 2578 vocatiun
443 2550 498 2580 est
521 2545 709 2581 Valentia.
758 2546 807 2579 M.
834 2546 999 2590 Popilius
1025 2558 1046 2580 a
1070 2546 1321 2589 Numantinis,
1354 2557 1436 2579 cum
1467 2545 1598 2590 quibus

243 2601 372 2633 pacem
391 2590 529 2624 factam
549 2591 697 2624 inritam
715 2589 795 2624 fieri
815 2596 963 2624 senatus
984 2595 1193 2631 censuerat,
1215 2602 1297 2625 eum
1317 2590 1477 2625 exercitu
1495 2590 1597 2623 fusus

243 2635 466 2679 fugatusque
487 2639 552 2669 est.
589 2635 629 2670 C.
649 2635 809 2669 Hostilio
830 2635 1000 2669 Mancino
1021 2636 1170 2670 consule
1190 2635 1419 2670 sacrificante
1443 2635 1534 2679 pulli
1555 2646 1597 2668 ex

245 2690 358 2713 cavea
378 2680 631 2725 evolaverunt,
656 2680 915 2715 conscendenti
936 2680 1068 2715 deinde
1088 2692 1234 2723 navem,
1261 2684 1302 2714 ut
1320 2681 1357 2714 in
1377 2680 1597 2724 Hispaniam
