1804 2926
513 151 666 190 LIBER
690 140 898 193 xxxxii,
924 149 977 182 49.
998 148 1052 182 50.
1081 150 1130 191 [a.
1146 147 1186 183 0.
1202 148 1282 191 171]
1523 139 1577 179 69

229 269 418 311 quaeque
448 254 611 295 inscitia
643 260 683 294 et
713 252 944 294 temeritate
976 252 1129 292 ducum
1162 251 1290 292 eladis
1316 266 1439 306 saepe
1471 251 1578 292 acci-

227 318 381 366 derint,
417 331 524 370 quae
560 324 704 356 contra
741 315 851 355 bona
886 313 1107 369 prudentia
1143 322 1181 355 et
1218 314 1349 355 virtus
1381 314 1575 355 attulerit.

226 394 350 433 quem
377 379 481 419 scire
507 377 744 417 mortalium
763 376 896 417 utrius
922 376 1085 425 mentis,
1111 376 1243 417 utrius
1269 376 1459 417 fortunae
1480 390 1578 417 con—
1604 390 1621 419 G

227 442 360 483 sulem
397 441 450 482 ad
486 440 644 480 bellum
679 438 870 480 mittant?
923 437 1304 493 triumphantemne
1346 453 1445 479 mox
1482 453 1576 479 cum

225 503 411 545 exercitu
448 502 605 543 victore
641 501 912 542 scandentem
948 500 990 543 in
1028 499 1284 555 Capitolium
1321 501 1375 542 ad
1410 501 1577 542 eosdem

225 566 338 614 deos,
365 580 390 605 a
407 564 559 618 quibus
580 563 879 618 proficiscatur,
901 562 1043 611 visuri,
1064 578 1117 603 an
1136 563 1326 604 hostibus
1347 578 1438 604 eam
1458 577 1578 618 prae-

224 627 351 668 bituri
375 626 575 668 laetitiam
601 626 707 666 sint?
765 625 887 666 Persi
912 632 1051 666 autem
1082 625 1190 680 regi,
1228 626 1428 667 adversus
1453 639 1578 678 quem
1606 639 1621 667 7

223 690 374 737 ibatur,
400 688 557 729 famam
583 695 624 729 et
650 688 756 729 bello
783 688 894 728 clara
917 687 1203 729 BIacedonum
1227 703 1331 743 gens
1356 695 1397 729 et
1416 687 1579 742 Philip-

224 768 303 807 pus
328 759 461 806 pater,
486 751 593 792 inter
616 751 749 791 multa
774 765 970 805 prospere
995 758 1113 805 gesta
1137 750 1329 791 Romano
1355 750 1480 791 etiam
1504 764 1579 790 no-

223 814 408 855 bilitatus
440 813 570 861 bello,
608 812 856 867 praebebat3
894 819 983 852 tum
1008 812 1138 866 ipsius
1163 812 1307 854 Persei
1333 827 1577 865 numquam,

223 891 276 917 ex
311 891 394 929 quo
429 890 607 929 regnum
645 875 892 929 accepisset,
938 874 1118 915 desitum
1154 874 1253 915 belli
1290 874 1578 929 expectatione

224 938 424 980 celebrari
454 952 619 978 nomen.
680 952 775 977 cum
806 936 868 976 his
901 936 1224 991 cogitationibus
1250 937 1436 977 omnium
1468 937 1579 977 ordi-
1604 948 1622 977 s

222 1016 324 1042 num
366 1000 555 1041 homines
600 999 930 1053 proficiscentem
967 999 1180 1040 consulem
1224 999 1433 1053 prosecuti
1469 1006 1577 1039 sunt.

223 1063 306 1103 duo
329 1062 565 1102 consulares
586 1061 741 1101 tribuni
760 1060 938 1101 militum
959 1075 1054 1101 cum
1074 1075 1122 1102 eo
1137 1061 1264 1109 missi,
1292 1058 1341 1102 C.
1359 1060 1577 1109 Claudius,
1604 1072 1621 1102 9

224 1124 278 1176 Q.
304 1124 489 1172 Mucius,
514 1131 556 1164 et
580 1132 662 1164 tres
688 1123 882 1164 inlustres
908 1123 1093 1171 iuvenes,
1118 1123 1168 1163 P.
1195 1123 1402 1164 Lentulus
1429 1131 1470 1165 et
1495 1124 1577 1164 duo

222 1186 359 1227 Manli
390 1185 580 1234 Acidini3
619 1186 722 1225 alter
750 1187 772 1236 †
802 1185 865 1225 M.
891 1184 1046 1233 Manli,
1084 1186 1187 1226 alter
1217 1185 1270 1226 L.
1296 1185 1432 1226 Manli
1468 1186 1577 1226 filius

222 1256 323 1289 erat.
363 1262 457 1288 cum
482 1248 517 1288 is
543 1246 975 1288 consulBrundisium
1001 1247 1054 1286 ad
1079 1248 1308 1288 exereitum
1333 1256 1458 1301 atque
1482 1248 1579 1289 inde
1608 1259 1647 1289 10

223 1325 319 1350 cum
344 1309 538 1349 omnibus
559 1308 687 1362 copiis
715 1315 975 1349 transvectus
995 1309 1049 1349 ad
1068 1308 1365 1364 Nymphaeum
1389 1310 1579 1365 111111101-

221 1371 438 1412 loniatium
463 1385 564 1425 agro
590 1370 730 1424 posuit
755 1377 903 1410 castra.

306 1434 358 1474 L.
396 1432 562 1473 Paucos
599 1440 696 1473 ante
734 1432 821 1473 dies
859 1431 1061 1481 Perseus,
1099 1440 1322 1486 postquam
1359 1433 1488 1488 legati
1525 1433 1578 1474 ab
1606 1445 1620 1474 1

220 1496 357 1536 Roma
375 1495 552 1549 regressi
572 1494 861 1549 praeciderant
886 1509 1004 1549 spem
1023 1495 1151 1548 pacis,
1179 1495 1397 1536 consilium
1416 1495 1576 1536 habuit.

220 1558 278 1599 ibi
314 1557 573 1611 aliquamdiu
608 1556 784 1597 diversis
821 1557 1035 1598 sententiis
1073 1564 1278 1598 certatum
1314 1565 1388 1599 est.
1461 1564 1579 1598 erant

221 1620 373 1673 quibus
399 1619 465 1660 vel
491 1619 745 1673 stipendium
772 1616 1097 1674 [pendendum],
1124 1619 1157 1660 si
1182 1619 1484 1674 iniungeretur,
1512 1620 1578 1661 vel

221 1681 311 1735 agri
348 1689 464 1735 parte
501 1681 755 1729 cedendum,
791 1681 825 1721 si
871 1682 1113 1730 multarent,
1156 1682 1361 1735 quidquid
1399 1682 1578 1735 denique

221 1743 335 1784 aliud
364 1743 479 1797 pacis
511 1758 637 1784 causa
667 1743 913 1797 patiendum
939 1751 1068 1790 esset,
1104 1758 1188 1784 non
1213 1744 1492 1785 recusandum
1517 1744 1579 1785 vi-

221 1806 407 1854 deretur,
439 1820 516 1846 nec
547 1806 912 1854 committendum,
949 1813 996 1846 ut
1027 1806 1069 1846 in
1101 1806 1234 1846 aleam
1259 1806 1363 1847 tanti
1389 1822 1508 1847 casus
1536 1821 1579 1847 se

220 1881 482 1922 regnumque
515 1867 651 1908 daret:
689 1867 723 1907 si
754 1868 959 1922 possessio
984 1867 1087 1908 haut
1116 1868 1316 1923 ambigua
1346 1869 1465 1923 regni
1490 1884 1578 1909 ma-
1604 1879 1622 1908 3

221 1936 351 1977 neret,
377 1929 508 1969 multa
534 1929 645 1969 diem
676 1936 925 1984 tempusque
952 1930 1115 1971 adferre
1141 1945 1282 1984 posse,
1315 1931 1468 1983 quibus
1494 1946 1577 1971 11011

222 1991 374 2031 amissa
397 1990 521 2030 modo
547 1991 798 2044 reciperare,
832 1991 905 2032 sed
931 1991 1139 2032 timendus
1164 1992 1272 2032 ultro
1297 1994 1331 2031 is
1357 2008 1447 2033 esse
1473 2007 1577 2045 quos

221 2068 332 2093 nunc
357 2053 520 2094 timeret.
544 2060 698 2106 posset.
730 2060 914 2093 ceterum
934 2053 1064 2093 multo
1085 2053 1217 2093 maior
1241 2069 1336 2107 pars
1362 2054 1575 2094 ferocioris
1600 2066 1620 2094 4

221 2115 450 2156 sententiae
476 2121 576 2155 erat.
637 2114 840 2168 quidquid
867 2115 1072 2163 cessisset,
1100 2130 1196 2156 011111
1222 2131 1269 2157 eo
1297 2115 1419 2156 simul
1444 2131 1574 2171 regno

220 2176 407 2230 protinus
434 2176 669 2216 cedendum
693 2191 783 2216 esse
809 2176 1106 2217 adfirmabant:
1133 2192 1270 2230 neque
1296 2178 1407 2218 enim
1419 2178 1575 2219 Roma·
1600 2189 1618 2217 5

221 2253 296 2279 nos
326 2238 505 2292 pecunia
536 2246 608 2278 aut
639 2253 740 2292 agro
773 2254 916 2293 cgere,
956 2239 1029 2279 sed
1054 2239 1132 2280 1100
1158 2240 1282 2288 scire,
1316 2255 1411 2281 011111
1437 2242 1576 2282 omnia

221 2300 423 2348 humana,
461 2308 550 2341 tum
581 2300 761 2341 maxima
787 2315 980 2354 quaeque
1006 2309 1047 2342 et
1078 2317 1208 2356 regna
1233 2310 1273 2343 et
1296 2302 1471 2357 imperia
1496 2304 1574 2344 sub

222 2362 387 2402 casibus
412 2362 553 2402 multis
580 2378 669 2403 esse
679 2379 688 2411 3
718 2361 1130 2417 Carthaginiensium
1157 2379 1255 2418 opes
1282 2365 1457 2419 fregisse
1483 2382 1574 2408 sese
1601 2375 1618 2404 6

221 2434 260 2465 et
288 2424 518 2465 cervicibus
538 2439 682 2465 eorum
706 2432 1021 2479 praepotentem
1045 2426 1268 2467 finitimum
1288 2442 1431 2481 regem
1455 2428 1575 2483 inpo-

221 2487 351 2528 suisse
361 2503 370 2535 3
404 2487 665 2528 Antiochum
695 2487 1022 2542 progeniemque
1054 2489 1142 2529 eius
1173 2489 1282 2531 ultra
1312 2490 1413 2544 iuga
1443 2491 1574 2532 Tauri

221 2556 423 2598 cmotum;
451 2565 580 2590 unum
606 2564 695 2590 csse
709 2550 984 2592 Macedoniae
1004 2566 1195 2605 regnum,
1222 2559 1262 2593 et
1282 2553 1452 2606 regione
1477 2568 1572 2607 pro·
1600 2563 1614 2591 7

221 2611 389 2666 pineum
414 2618 454 2653 et
474 2612 599 2666 quod,
625 2611 758 2653 sicubi
776 2613 931 2668 populo
946 2614 1137 2655 Romano
1157 2630 1234 2656 sua
1258 2614 1427 2656 fortuna
1446 2615 1570 2664 labet,

1605 1570 1623 1598 10
