1804 2926
483 171 636 205 LIBER
660 169 866 214 XXXXH,
893 171 924 203 ε».
946 170 999 204 10.
1027 169 1132 212 [ac.
1150 170 1230 213 173]
1485 161 1539 201 35

185 276 359 317 infestus
388 273 569 329 praetori
601 273 780 314 Romam
812 272 952 321 rediit,
985 281 1216 326 senatuque
1251 274 1459 328 extemplo
1486 273 1536 313 ad

185 338 331 379 aedem
355 337 556 377 Bellonae
580 344 750 383 vocato,
783 334 924 375 multis
952 335 1089 375 verbis
1114 335 1321 376 invectust
1352 335 1395 376 in
1420 350 1539 389 prae-

184 411 334 448 torem,
371 399 443 452 qui
474 413 570 439 cum
595 398 648 438 ob
679 412 768 438 rem
800 397 909 438 bello
942 398 1048 439 bene
1073 406 1237 452 gestam
1267 398 1328 438 uti
1360 398 1438 438 diis
1462 398 1540 438 i1n-
1566 411 1583 436 :3

184 461 429 502 mortalibus
453 460 585 501 honos
611 459 835 500 haberetur
854 459 1007 500 referre
1029 460 1081 500 ad
1104 468 1294 501 senatum
1315 460 1539 507 debuisset,

185 524 386 565 adversus
412 538 456 564 se
480 537 556 577 pro
582 522 771 562 hostibus
797 530 966 562 senatus
989 524 1226 563 consultum
1251 522 1431 571 fecisset,
1458 536 1539 575 quo

184 585 401 626 victoriam
426 600 546 625 suam
571 584 625 624 ad
651 584 832 638 Ligures
859 584 1101 625 transferret
1128 584 1307 637 dedique
1337 584 1386 624 iis
1411 598 1540 638 prope

185 647 400 688 consulem
424 654 589 701 praetor
614 645 794 687 iuberet:
826 645 968 699 itaque
993 646 1168 686 multam
1193 646 1231 687 ei
1255 660 1299 687 se
1325 646 1484 694 dicere3
1518 661 1541 686 a

184 709 372 764 patribus
410 709 640 763 postulare,
679 716 725 748 ut
761 716 930 749 senatus
969 708 1204 749 consultum
1233 708 1276 748 in
1307 723 1351 749 se
1382 708 1539 748 factum

185 771 272 812 tolli
307 771 498 812 iuberent
536 770 984 825 supplicationemque,
1031 784 1157 823 quam
1201 770 1372 811 absente
1410 785 1453 811 se
1490 784 1542 810 ex

185 833 330 874 litteris
357 833 409 874 de
434 833 540 873 bene
565 841 685 886 gesta
709 847 753 873 re
778 832 947 886 publica
972 831 1108 872 missis
1135 832 1358 873 decernere
1384 832 1541 872 debue-

185 897 287 944 rint,
312 904 531 950 praesente
555 895 722 935 honoris
750 895 923 936 deorum
947 894 1128 949 primum
1155 909 1299 943 causa,
1326 895 1475 935 deinde
1501 902 1540 934 et

187 959 251 999 sui
276 959 415 1012 aliquo
440 966 581 998 tamen
610 969 800 1012 respectu
828 957 1110 998 decernerent.
1160 957 1289 997 nihilo
1314 956 1540 997 lenioribus

186 1035 314 1074 quam
350 1020 501 1060 absens
539 1028 778 1061 senatorum
821 1020 977 1072 aliquot
1014 1019 1270 1060 orationibus
1314 1019 1540 1073 increpitus

188 1090 335 1123 neutra
360 1081 578 1136 impetrata
602 1097 646 1122 re
671 1082 714 1122 in
738 1081 996 1136 provinciam
1021 1081 1156 1122 rediit.

272 1144 395 1184 Alter
426 1144 570 1184 consul
602 1143 846 1184 Postumius
878 1151 1126 1197 consumpta
1163 1149 1317 1184 aestate
1350 1142 1391 1182 in
1427 1156 1543 1183 reco-

189 1206 439 1261 gnoscendis
466 1205 596 1260 agris,
628 1220 680 1246 ne
705 1205 794 1245 visa
819 1205 989 1258 quidem
1014 1205 1230 1258 provincia
1255 1220 1330 1245 sua
1356 1204 1542 1244 comitio-

187 1284 279 1309 rum
294 1282 419 1308 causa
433 1267 611 1308 Romam
626 1267 758 1308 rediit.
785 1268 974 1308 consules
991 1265 1040 1307 C.
1055 1267 1282 1321 Popillium
1296 1266 1542 1311 Laenatem,

187 1330 237 1370 P.
263 1329 435 1370 Aelium
467 1329 673 1383 Ligurem
704 1329 872 1370 creavit.
939 1338 1151 1383 praetores
1183 1329 1333 1370 exinde
1365 1328 1466 1368 facti
1492 1326 1541 1368 C.

187 1393 376 1434 Licinius
404 1391 598 1440 Crassus,
624 1392 687 1432 M.
714 1391 861 1432 Iunius
886 1391 1073 1439 Pennus,
1101 1390 1175 1445 Sp.
1201 1391 1439 1439 Lucretius,
1467 1389 1540 1444 Sp.

188 1454 379 1503 Cluvius,
408 1453 486 1495 Cn.
516 1453 713 1502 Sicinius,
741 1452 812 1509 [C.
838 1452 1090 1508 Memmius]
1117 1454 1280 1494 iterum.

271 1516 331 1557 X.
369 1517 434 1557 Eo
467 1532 575 1557 anno
613 1517 792 1557 lustrum
829 1517 1042 1557 conditum
1079 1525 1159 1565 est3
1198 1531 1389 1557 censores
1427 1523 1542 1556 erant

188 1578 243 1631 Q.
263 1579 440 1620 Fulvius
468 1578 680 1634 [Flaccus,
707 1580 762 1619 A.
776 1577 1042 1633 Postumius]
1069 1578 1252 1619 Albinus
1262 1594 1272 1627 3
1298 1577 1544 1618 Postumius

188 1642 383 1682 condidit.
443 1656 568 1683 censa
592 1651 686 1682 sunt
713 1642 864 1682 civium
892 1643 1178 1684 Romanorum
1205 1641 1340 1696 capita
1367 1641 1546 1681 ducenta

188 1705 406 1758 sexaginta
441 1720 593 1746 novem
632 1704 746 1745 milia
783 1715 820 1745 et
859 1705 1116 1758 quindecim,
1160 1705 1296 1744 minor
1332 1704 1544 1756 aliquanto

188 1782 399 1816 numerus,
426 1767 523 1820 quia
536 1767 588 1807 L.
604 1767 849 1808 Postumius
870 1768 1015 1808 consul
1040 1782 1114 1821 pro
1135 1767 1325 1807 contione
1345 1766 1544 1814 edixerat,

189 1829 260 1882 qui
291 1829 449 1870 socium
474 1829 617 1869 Latini
647 1829 826 1870 nominis
860 1844 911 1870 ex
944 1830 1078 1871 edicto
1106 1828 1156 1870 C.
1185 1828 1338 1870 Claudi
1364 1827 1544 1868 consulis

189 1890 323 1931 redire
347 1890 391 1930 in
415 1890 603 1932 civitates
618 1888 719 1931 ¹suas
741 1891 996 1939 debuissent,
1021 1907 1074 1932 ne
1095 1891 1186 1944 quis
1213 1905 1357 1932 eorum
1371 1891 1545 1937 Romae,

190 1959 231 1992 et
261 1966 404 1992 omnes
435 1952 478 1992 in
509 1953 594 1993 suis
625 1953 862 1994 civitatibus
894 1960 1175 1994 censerentur.
1243 1966 1415 1993 concors
1452 1960 1493 1992 et
1524 1966 1546 1991 e

190 2029 234 2055 re
264 2014 434 2068 publica
459 2028 636 2055 censura
667 2014 758 2055 fuit.
818 2015 971 2064 omnis,
1010 2029 1114 2068 quos
1146 2022 1293 2055 senatu
1327 2022 1545 2054 moverunt

190 2077 427 2130 quibusque
461 2091 589 2130 equos
627 2077 891 2126 ademerunt,
929 2078 1108 2118 aerarios
1139 2077 1327 2118 fecerunt
1359 2085 1400 2116 et
1435 2075 1545 2115 tribu

191 2147 430 2186 moverunt,
455 2153 591 2192 neque
617 2139 669 2180 ab
695 2140 824 2181 altero
849 2147 1040 2180 notatum
1065 2140 1168 2180 alter
1192 2138 1397 2193 probavit.
1446 2137 1548 2177 Ful-

192 2200 284 2241 vius
318 2201 464 2241 aedem
488 2201 701 2242 Fortunae
733 2201 953 2254 equestris,
989 2216 1115 2254 quam
1149 2200 1371 2254 proconsul
1402 2200 1443 2239 in
1469 2198 1547 2238 Hi-

193 2262 340 2317 spania
376 2262 577 2304 dimicans
616 2278 712 2304 cum
749 2262 1054 2304 Celtiberorum
1091 2262 1326 2317 legionibus
1363 2270 1546 2309 voverat,

194 2324 311 2365 annis
337 2339 410 2365 sex
435 2339 640 2378 posquam
664 2334 835 2366 voverat
861 2325 1086 2374 dedicavit,
1119 2334 1157 2366 et
1184 2324 1394 2365 scaenicos
1426 2323 1545 2363 ludos

194 2401 267 2440 per
291 2386 584 2440 quadriduum,
610 2402 742 2428 unum
768 2388 877 2428 diem
901 2388 944 2428 in
970 2387 1077 2428 circo
1103 2387 1212 2428 fecit.

280 2448 332 2488 L.
361 2447 580 2490 Cornelius
606 2449 832 2499 Lentulus,
865 2451 1075 2491 decemvir
1100 2464 1332 2498 sacrorum,
1363 2464 1412 2490 eo
1438 2463 1547 2491 anno

195 2519 383 2551 mortuus
410 2518 484 2552 est.
532 2511 576 2551 in
600 2511 740 2553 locum
764 2513 853 2553 eius
880 2512 1079 2554 suffectus
1101 2513 1155 2553 A.
1169 2512 1413 2553 Postumius
1426 2511 1548 2551 Albi-

194 2588 286 2614 nus.
324 2573 581 2615 lucustarum
607 2582 746 2616 tantae
770 2576 904 2618 nubes
923 2591 948 2617 a
966 2576 1070 2616 mari
1095 2585 1265 2630 repente
1290 2575 1332 2615 in
1345 2574 1547 2629 Apuliam

194 2637 347 2678 inlatae
373 2645 488 2687 sunt,
513 2646 559 2679 ut
584 2639 845 2680 examinibus
872 2639 956 2680 suis
983 2654 1106 2694 agros
1132 2639 1213 2679 late
1240 2638 1469 2693 operircnt3
1496 2638 1548 2677 ad

1282 2705 1300 2718 ἢ

1280 2710 1324 2738 O*

1571 1715 1589 1743 22
1572 1654 1589 1682 Na

1575 2465 1591 2492 ὅ

1577 2589 1591 2617 ἲ

1574 2650 1592 2679 δ
