1804 2926
231 1402 268 1430 10

252 1837 269 1866 Ν)

251 2023 269 2052 3

251 2151 271 2179 4

255 2585 273 2613 5

293 152 349 194 64
561 161 715 195 LIBER
741 161 948 206 xxxxii,
975 161 1030 195 43.
1051 161 1108 195 44.
1136 161 1377 205 [a.u.0.583]

293 267 549 307 Boeotorum
575 264 828 319 quibusdam
852 266 1039 320 populis,
1070 281 1121 307 ex
1147 280 1230 319 quo
1254 265 1538 307 renuntiatum
1565 277 1652 308 erat

292 329 557 384 respondisse
582 328 757 383 legatos,
784 330 1085 384 appariturum,
1112 329 1265 382 quibus
1289 329 1455 384 populis
1486 329 1653 385 proprie

294 393 536 433 societatem
561 406 657 432 cum
681 407 783 446 rege
808 392 926 447 iungi
951 393 1241 447 displicuisset.
1279 392 1403 447 primi
1427 391 1653 434 aChaero-

292 454 362 495 nia
393 454 539 509 legati,
577 453 727 495 deinde
758 469 783 494 a
807 454 965 495 Thebis
997 455 1039 495 in
1070 455 1161 509 ipso
1193 454 1339 496 itinere
1371 463 1654 504 occurrerunt,

294 516 582 564 adfirmantes,
620 531 703 557 non
734 516 972 558 interfuisse
999 532 1062 565 sc,
1100 531 1183 570 quo
1209 517 1384 558 societas
1411 532 1460 558 ea
1485 517 1654 559 decreta

293 587 423 628 esset,
461 579 656 628 concili03
694 581 786 633 quis
819 579 946 633 legati
976 580 1089 620 nullo
1114 580 1157 620 in
1188 579 1423 633 praesentia
1454 593 1654 634 responso

293 641 390 682 dato
417 639 665 682 Chalcidem
690 656 734 682 se
759 642 878 695 sequi
901 641 1125 682 iusserunt.
1226 641 1344 683 hebis
1370 657 1525 697 magna
1556 656 1655 683 con-

294 703 423 745 tentio
440 711 530 744 orta
550 711 638 745 erat
660 719 711 744 ex
731 704 812 744 alio
827 704 1064 745 certamine.
1103 705 1280 745 comitiis
1300 707 1503 759 praetoris
1517 705 1655 746 Boeo-

294 773 433 807 torum
457 766 568 807 victa
592 781 689 820 pars
720 766 914 807 iniuriam
938 781 1194 821 persequens
1220 775 1364 807 coacta
1389 767 1654 807 multitudine

294 828 508 869 decretum
533 828 692 869 Thebis
721 827 879 882 [fecit],
904 844 957 869 ne
982 828 1272 870 Boeotarchae
1297 829 1471 870 urbibus
1496 829 1656 884 recipc-

292 899 448 931 rentur.
508 890 652 931 exules
679 890 885 944 Thespias
916 890 1101 931 universi
1133 898 1448 939 concesserunt3
1479 891 1576 932 inde
1601 915 1656 919 —

293 952 451 1006 recepti
477 952 588 992 enim
620 951 709 992 sine
742 952 1005 992 cunctatione
1038 960 1155 992 erant
1179 976 1236 980 -—
1260 952 1430 993 Thebas
1455 953 1540 993 iam
1564 944 1656 994 mu·-

293 1014 389 1054 tatis
415 1013 564 1054 animis
589 1014 774 1054 revocati
800 1013 1014 1054 decretum
1039 1013 1221 1062 faciunt,
1246 1021 1293 1054 ut
1318 1014 1560 1063 duodecim,
1585 1015 1656 1068 qui

294 1076 445 1130 privati
467 1083 631 1116 coetum
645 1083 685 1117 et
705 1076 929 1117 concilium
948 1075 1208 1125 habuissent,
1225 1076 1348 1116 exilio
1368 1077 1655 1117 multarentur.

293 1153 427 1179 novus
457 1138 606 1179 deinde
633 1145 800 1192 praetor
823 1162 880 1166 —
903 1138 1108 1178 Ismenias
1134 1137 1168 1178 is
1194 1145 1302 1186 erat,
1338 1138 1402 1179 vir
1432 1138 1583 1179 nobilis
1609 1153 1658 1179 ac

294 1208 442 1255 potens
466 1225 523 1229 —
547 1200 736 1255 capitalis
768 1215 928 1255 poenae
962 1200 1144 1241 absentis
1178 1215 1247 1241 eos
1274 1200 1441 1242 decreto
1473 1201 1656 1242 damnat.

295 1262 543 1304 Chalcidem
569 1263 765 1317 fugerant
775 1279 786 1312 3
817 1263 915 1304 inde
942 1263 995 1303 ad
1020 1263 1234 1303 Romanos
1259 1263 1456 1304 Larisam
1480 1263 1658 1318 profecti

296 1340 466 1366 causam
499 1340 595 1366 cum
619 1326 778 1367 Perseo
810 1325 1021 1366 societatis
1052 1325 1095 1365 in
1120 1325 1349 1366 Ismeniam
1375 1326 1656 1367 contulerant:

295 1404 346 1429 ex
373 1388 637 1429 contentione
663 1396 800 1429 ortum
832 1397 1056 1429 certamen.
1118 1387 1338 1441 utriusque
1362 1394 1504 1428 tamen
1527 1388 1656 1443 partis

293 1450 421 1504 legati
459 1450 512 1490 ad
542 1450 755 1491 Romanos
794 1458 1019 1499 venerunt,
1057 1458 1097 1491 et
1127 1449 1271 1491 exules
1309 1458 1656 1503 accusatoresque

294 1512 502 1553 Ismeniae
530 1520 569 1553 et
594 1513 800 1553 Ismenias
825 1513 926 1566 ipse.

380 1573 682 1614 XXXXHH.
723 1572 969 1615 Chalcidem
994 1581 1040 1615 ut
1064 1580 1237 1615 ventum
1256 1581 1331 1623 est,
1357 1574 1533 1615 aliarum
1559 1574 1658 1615 civi-

296 1636 446 1678 tatium
470 1637 692 1691 principes,
719 1637 761 1676 id
786 1637 899 1690 quod
923 1652 1120 1678 maxume
1145 1645 1314 1692 gratum
1340 1644 1427 1678 erat
1441 1637 1657 1685 Romanis,

297 1714 372 1740 suo
403 1700 558 1753 quique
590 1699 756 1754 proprie
790 1699 957 1740 decreto
988 1699 1147 1754 regiam
1179 1700 1421 1741 societatem
1447 1700 1658 1754 aspernati

295 1762 497 1803 Romanis
518 1777 561 1802 se
587 1761 887 1816 adiungebant,
914 1761 1118 1803 Ismenias
1143 1770 1314 1816 gentem
1332 1762 1591 1803 Boeotorum
1615 1762 1659 1802 in

295 1824 422 1865 fidem
447 1824 735 1865 Romanorum
760 1824 943 1879 permitti
969 1839 1117 1865 aecum
1143 1824 1352 1865 censebat.
1403 1824 1500 1866 inde
1526 1834 1659 1866 certa-

295 1887 407 1928 mine
439 1894 549 1935 orto,
579 1886 659 1927 nisi
691 1886 734 1927 in
765 1887 948 1927 tribunal
973 1887 1209 1941 legatorum
1239 1887 1514 1941 perfugisset,
1544 1886 1659 1927 haud

294 1951 474 1991 multum
500 1949 624 2000 afuit,
658 1950 760 2003 quin
787 1950 839 1990 ab
866 1949 1059 1990 exulibus
1085 1949 1403 2003 fautoribusque
1429 1964 1574 1991 eorum
1597 1949 1660 1990 in-

296 2013 564 2054 terficeretur.
614 2012 790 2054 Thebae
817 2026 985 2066 quoque
1010 2012 1141 2066 ipsae,
1168 2012 1281 2066 quod
1305 2012 1507 2053 Boeotiae
1533 2021 1659 2067 caput

296 2083 371 2125 cst,
396 2075 439 2115 in
463 2089 618 2130 magno
644 2084 761 2116 motu
782 2083 912 2124 erant,
939 2076 1012 2115 alis
1034 2074 1086 2115 ad
1111 2090 1255 2130 regem
1279 2074 1541 2116 trahentibus
1561 2075 1661 2115 civi-

296 2147 438 2187 tatem,
465 2138 539 2178 alis
566 2137 619 2178 ad
632 2138 859 2179 Romanos.
898 2146 937 2179 et
962 2138 1086 2178 turba
1102 2136 1418 2179 Coronaeorum
1431 2137 1661 2178 Haliartio-

296 2214 473 2254 rumque
490 2199 577 2255 [eo]
594 2207 847 2242 convenerat
872 2200 926 2241 ad
946 2199 1260 2241 defendendum
1279 2200 1494 2241 decretum
1518 2199 1660 2253 regiae

298 2262 519 2303 societatis.
581 2263 655 2304 sed
680 2263 914 2304 constantia
937 2262 1176 2317 principum
1202 2262 1445 2304 docentium
1471 2261 1660 2303 cladibus

297 2324 485 2378 Philippi
509 2324 818 2378 Antiochique,
849 2332 1007 2378 quanta
1033 2332 1142 2366 esset
1166 2325 1229 2366 vis
1256 2333 1296 2366 et
1321 2324 1490 2365 fortuna
1513 2323 1661 2379 imperi

298 2385 496 2434 Romani,
533 2386 643 2426 victa
679 2387 850 2428 tandem
885 2387 1109 2427 multitudo
1140 2394 1180 2428 et
1215 2394 1263 2427 ut
1301 2387 1515 2427 tolleretur
1545 2385 1662 2440 regia

299 2447 474 2487 societas
502 2447 685 2488 decrevit
716 2456 757 2489 et
782 2464 852 2490 cos
885 2449 957 2502 qui
989 2457 1178 2491 auctores
1211 2448 1488 2504 paciscendae
1519 2447 1661 2489 amici-

299 2509 381 2550 tiae
418 2509 583 2549 fucrant
622 2510 675 2549 ad
713 2511 1056 2552 satisfaciendum
1086 2512 1236 2566 legatis
1270 2510 1517 2553 Chalcidem
1548 2509 1660 2551 misit

299 2571 481 2624 fideique
511 2572 745 2626 legatorum
778 2574 1049 2614 commendari
1075 2574 1286 2615 civitatem
1311 2573 1442 2614 iussit.
1492 2572 1659 2614 Theba-

302 2650 377 2676 nos
401 2635 589 2676 Marcius
616 2642 654 2675 ct
681 2635 837 2676 Atilius
862 2636 960 2677 laeti
985 2636 1205 2678 audierunt
1232 2646 1505 2690 auctoresque
1531 2646 1570 2678 et
1596 2636 1659 2678 his
