1804 2926
744 172 867 198 INDEX
892 172 1038 198 RERVM.

1532 161 1613 202 327

191 264 229 296 et
240 259 443 296 Victoriam
463 269 611 293 auream
624 257 780 292 Romam
798 256 878 291 mit·
928 267 998 301 que
1012 257 1136 293 Persei
1150 259 1205 302 42,
1220 259 1275 301 39,
1292 259 1311 293 7
1336 259 1407 294 dux
1420 260 1615 306 phalangi-

191 307 237 340 tit
259 307 315 350 22,
342 306 397 349 37,
423 305 445 339 5
480 304 558 339 eius
581 314 736 349 regnum
761 302 878 337 classe
927 306 1046 337 tarum
1060 304 1115 347 42,
1130 305 1185 348 51,
1199 305 1238 348 33
1258 305 1314 348 42,
1329 306 1383 347 59,
1401 306 1438 350 73
1451 306 1507 346 44,
1522 306 1554 349 2,
1571 307 1613 340 11

192 351 335 385 Punica
347 354 531 385 vastatum
543 349 599 390 22,
613 350 669 392 56,
686 349 705 382 7
731 347 877 382 unicum
926 359 1007 382 cum
1033 350 1182 384 consule
1207 354 1352 396 pugnat
1370 351 1426 395 44,
1444 351 1467 385 4
1495 351 1614 385 Paulo

191 396 393 431 subsidium
416 394 545 440 populi
567 394 672 428 Rom.
698 394 753 437 23,
780 393 837 437 21,
858 394 879 427 5
927 405 964 428 se
980 395 1081 428 dedit
1093 395 1148 437 44,
1163 396 1218 437 45,
1235 396 1266 429 2.

190 445 384 487 argentum
398 441 692 483 frumentumque.
701 438 878 473 Romanis
905 439 1061 484 Hippias
1087 440 1348 475 Thessalorum
1378 444 1528 486 praetor
1555 442 1612 486 42,

189 487 301 521 mittit
313 487 401 520 ibid.
427 485 494 519 filii
509 484 661 520 Gelonis
676 484 723 518 ad
733 484 877 518 Poenos
926 485 980 528 54,
1000 485 1030 519 7.

189 532 399 566 inclinantis
430 542 526 564 mors
556 529 764 574 suspicione
795 541 876 564 eum
905 530 1027 575 Hippo
1041 530 1181 577 Regius
1194 532 1249 575 29,
1265 532 1297 570 3,
1314 532 1351 575 7;
1366 532 1420 575 29,
1436 532 1492 575 32,
1509 533 1560 566 14.

188 577 353 622 aspergit
364 576 419 619 23,
430 576 484 619 30,
495 576 536 609 12
561 575 783 609 frumentum
796 575 876 608 mit·
906 575 1150 620 Hippocrates
1169 581 1277 611 natus
1297 576 1524 622 Carthagine
1544 577 1611 611 ori-

188 623 232 656 tit
244 622 398 655 Romam
411 622 466 664 23,
483 621 537 664 18,
553 621 596 654 13
619 620 697 655 eius
710 631 807 654 mors
820 620 875 663 24,

186 668 210 701 4
232 667 367 701 liberas
378 666 580 711 Syracusas
594 666 801 710 relinquere
816 676 876 699 vo-

187 713 320 755 luerat,
335 715 376 745 ut
388 711 488 745 fama
502 714 580 746 erat
593 711 641 745 ib.
651 711 672 744 2
687 711 763 746 eius
776 710 875 745 filiae
887 709 890 738 Ι

186 761 224 792 et
242 757 369 809 generi
393 757 442 790 ib.
461 756 483 790 3
519 756 652 790 civium
679 767 769 801 erga
794 767 874 791 eum

186 806 321 837 caritas
334 802 389 846 24,
404 802 448 836 48
463 800 509 835 cf.
525 801 580 843 24,
595 802 627 845 5,
643 802 664 835 3
689 802 766 836 eius
781 813 875 846 gaza

184 849 241 891 25,
261 848 375 892 25,13
410 848 528 881 minor
552 847 653 881 fama
677 850 757 882 erat
781 858 875 892 gaza

183 894 239 937 25,
255 893 309 937 30,
325 893 380 926 12.

163 939 356 973 Hierocles
391 937 660 984 Agrigentinus
692 938 872 984 Zacynthi

184 984 394 1029 praefectus
431 984 492 1025 36,
526 984 567 1017 31
578 1010 586 1022 ,
625 984 668 1018 12
716 984 873 1018 insulam

184 1029 345 1064 Achaeis
359 1029 472 1063 tradit
486 1029 540 1071 26,
557 1029 611 1062 32.

162 1074 411 1120 Hieronymus
435 1084 549 1118 nepos
569 1074 741 1109 Hieronis
761 1074 873 1120 (filius

184 1121 227 1155 P.
241 1121 300 1164 24)
325 1119 471 1153 vixdum
495 1131 586 1163 puer
610 1119 648 1153 in
671 1120 728 1153 avi
752 1120 871 1155 locum

184 1164 348 1200 succedit
360 1165 414 1208 24,
424 1165 446 1199 4
470 1165 546 1199 eius
561 1166 734 1209 superbia
746 1166 802 1209 24,
811 1168 843 1209 5,
853 1168 873 1200 3

184 1211 396 1245 societatem
411 1221 491 1244 cum
506 1210 740 1246 Hasdrubale
754 1211 872 1257 iungit

182 1257 238 1300 24,
254 1257 286 1299 6,
300 1255 372 1290 3Ρ.
398 1255 542 1300 legatos
554 1255 740 1290 Romanos
753 1257 872 1291 illudit

184 1301 233 1336 ib.
259 1302 281 1335 4
318 1301 449 1345 quibus
485 1301 754 1335 conditionibus
791 1313 870 1336 cum

182 1347 313 1381 Poenis
328 1350 457 1390 pactus
472 1346 519 1379 sit
538 1346 586 1379 ib.
601 1347 620 1380 7
646 1346 692 1380 ab
706 1347 871 1381 coniura—

182 1393 228 1427 tis
247 1390 465 1426 interficitur
482 1391 538 1434 24,
554 1392 585 1433 7,
602 1392 623 1425 5
635 1391 678 1425 Ρ.
704 1392 780 1426 eius
795 1404 870 1426 cor-

180 1437 395 1516 gXSQilaczgcre
424 1436 649 1480 insepultum
680 1438 871 1481 patiuntur

299 1508 307 1524 ,
348 1508 354 1515 .

157 1509 373 1571 Hie'rophon
393 1526 524 1560 missus
538 1526 584 1560 ad
597 1526 800 1562 Eumenem
812 1528 867 1571 44,

179 1573 234 1616 24,
252 1573 306 1606 10.

157 1617 327 1652 Hierosol
357 1617 645 1652 maIudacorum
657 1617 745 1652 urbs
759 1622 868 1663 capta

160 1689 331 1742 Hilernu⁷s
362 1707 513 1752 regulus
544 1707 734 1753 Hispanus
765 1709 866 1743 vivus

179 1753 324 1797 capitur
336 1753 392 1796 35,
408 1754 438 1795 7,
454 1753 487 1787 8.

155 1798 308 1832 Himera
327 1797 462 1832 flumen
483 1797 647 1833 Siciliam
667 1799 797 1834 dividit
809 1800 864 1843 24,

178 1844 210 1886 6,
226 1844 263 1885 73
278 1843 332 1886 25,
347 1843 403 1885 40,
419 1843 451 1877 8.

154 1888 316 1923 Himilco
330 1888 402 1921 dux
420 1887 567 1922 navium
581 1888 865 1935 Carthaginien-

178 1934 270 1967 sium
283 1934 338 1976 22,
356 1934 409 1975 19,
424 1933 456 1967 3.

154 1978 314 2013 Himilco
327 1979 381 2012 vir
393 1978 566 2012 factionis
573 1978 753 2014 Barcinae
763 1979 864 2014 Han-

176 2035 308 2058 nonem
322 2023 488 2068 increpat
501 2024 556 2066 23,
572 2025 625 2067 12,
641 2025 672 2058 6.

153 2069 314 2104 Himilco
329 2080 410 2103 cum
419 2069 579 2103 exercitu
594 2069 864 2116 adHispaniam

175 2115 352 2149 tuendam
365 2114 495 2148 missus
509 2115 564 2158 23,
579 2115 635 2157 28,
650 2116 682 2148 2.

152 2159 313 2239 H3i5nilco
333 2160 545 2205 praefectus
562 2160 787 2195 Hannibalis
807 2160 862 2205 23,

151 2249 313 2284 Himilco
338 2250 499 2284 exercitu
524 2250 688 2295 exposito
713 2251 750 2284 in
776 2250 864 2285 Sici-

175 2295 263 2329 liam
274 2295 522 2340 Agrigentum
537 2300 725 2341 expugnat
738 2296 793 2340 24,
808 2297 862 2335 35,

175 2340 196 2374 6
222 2340 269 2374 ad
289 2340 491 2385 Syracusas
511 2341 567 2384 24,
588 2341 643 2383 36,
658 2342 679 2374 2
711 2340 863 2386 Syracu—

177 2396 235 2419 sas
248 2386 348 2419 venit
366 2385 421 2429 25,
436 2385 491 2430 26,
507 2386 529 2419 3
557 2386 774 2430 pestilentia
788 2386 864 2421 obit

174 2430 223 2464 ib.
239 2431 294 2464 14.

151 2475 312 2510 Himilco
325 2475 475 2509 Punicis
489 2475 726 2510 auxiliaribus
735 2476 862 2511 Castu-

174 2520 258 2555 lone
279 2521 487 2565 praefectus
507 2521 675 2565 proditur
686 2521 862 2556 Romanis

150 2592 398 2671 Hip'pag’ogus
410 2611 557 2646 navium
570 2623 686 2658 genus
700 2613 756 2656 24,
764 2613 820 2657 28,
831 2613 861 2648 7.

151 2655 310 2702 Hippias
321 2657 529 2693 beroeaeus
543 2658 682 2692 amicus
702 2658 861 2704 legatus-

925 621 1044 654 undus
1064 622 1110 655 ab
1125 622 1315 667 Syracusis
1337 622 1383 656 ab
1398 622 1611 657 Hannibale

925 666 971 700 ad
980 666 1244 712 Hieronymum
1256 667 1539 711 111ittitui··24,6,2
1565 669 1612 702 ad

924 711 1175 747 Hannibalem
1192 713 1375 747 rediturus
1388 724 1477 758 rege
1491 713 1611 747 occiso

924 757 978 800 24,
1000 758 1044 791 23
1081 762 1228 802 praetor
1253 762 1397 793 creatur
1419 758 1611 804 Syracusis

923 802 977 845 24,
993 803 1049 843 27,
1064 804 1085 837 3
1109 803 1311 838 Leontinos
1324 803 1480 837 mittitur
1488 804 1542 845 24,
1552 804 1608 844 29,

923 847 943 893 2
957 847 1003 881 cf.
1017 848 1212 893 Epicydes.
1239 849 1316 884 eius
1334 848 1435 883 fraus
1449 850 1503 891 24,
1519 850 1574 892 31,
1590 850 1611 882 6

924 893 1055 926 Siculis
1078 899 1225 938 praeest
1255 895 1428 929 adversus
1453 894 1609 929 Marcel—

923 938 996 972 lum
1010 939 1065 982 24,
1081 940 1135 982 35,
1152 940 1170 973 7
1202 940 1394 985 Syracusis
1414 951 1520 984 opem
1539 939 1611 974 fert

921 984 975 1026 25,
991 985 1046 1027 26,
1062 985 1083 1018 3
1115 996 1137 1018 a
1150 985 1317 1029 Crispino
1336 985 1504 1030 repulsus
1524 985 1572 1019 ib.
1588 986 1610 1019 5

920 1030 1132 1073 pestilentia
1146 1030 1222 1064 obit
1234 1031 1284 1064 ib.
1298 1031 1352 1064 14.

900 1075 1153 1119 Hippolochus
1185 1087 1207 1110 a
1243 1075 1433 1110 Thessalis
1467 1076 1609 1111 Pheras

922 1120 1050 1153 missus
1064 1121 1119 1163 36,
1135 1121 1167 1163 9,
1183 1121 1214 1155 3.

900 1165 1045 1210 Hirpini
1069 1166 1125 1208 22,
1147 1167 1189 1200 13
1216 1166 1346 1211 (Irpini
1358 1167 1413 1207 27,
1430 1167 1483 1210 15,
1499 1167 1534 1211 2)
1562 1167 1610 1201 ad

921 1211 1171 1246 Hannibalem
1196 1211 1372 1246 deficiunt
1397 1213 1457 1255 22,
1484 1213 1538 1255 61,
1566 1213 1609 1245 11

921 1267 1044 1290 eorum
1069 1257 1140 1290 tria
1166 1257 1304 1302 oppida
1328 1257 1363 1291 vi
1383 1262 1533 1302 recepta
1551 1258 1606 1301 23,

920 1302 975 1343 37,
991 1302 1051 1344 12,
1077 1302 1132 1343 23,
1148 1303 1203 1345 41,
1220 1303 1263 1336 13
1298 1303 1473 1336 Romanis
1493 1315 1531 1337 se
1547 1303 1608 1337 dc—

919 1347 1011 1426 gunt
1024 1347 1078 1391 27,
1095 1349 1148 1391 15,
1165 1348 1185 1381 2
1216 1348 1314 1382 bello
1327 1348 1459 1383 Italico
1482 1349 1608 1382 domiti

954 1418 960 1425 .
977 1393 1031 1426 75.

895 1438 940 1470 A.
960 1437 1103 1471 Hirtius
1128 1449 1200 1471 cos.
1226 1438 1268 1472 F.
1288 1438 1333 1472 48
1352 1450 1374 1472 v
1408 1438 1609 1473 Antonium

917 1482 1030 1516 vincit
1043 1482 1084 1516 P.
1101 1484 1166 1516 119
1191 1484 1228 1516 in
1243 1484 1370 1517 castris
1385 1484 1483 1518 cadit
1496 1484 1584 1518 ibid.

896 1528 937 1561 L.
959 1527 1163 1562 Hirtuleius
1190 1528 1341 1563 Sertorii
1365 1533 1537 1573 quaestor
1562 1529 1606 1563 L.

917 1573 1097 1607 Manlium
1111 1574 1367 1617 proconsulem
1380 1574 1493 1608 vincit
1507 1575 1548 1608 P.
1564 1576 1609 1608 90

915 1630 997 1652 cum
1012 1619 1173 1652 exercitu
1186 1630 1315 1653 caesus
1330 1619 1372 1653 P.
1385 1620 1428 1654 91
1443 1620 1489 1654 cf.
1499 1621 1540 1654 F.
1552 1621 1605 1654 19.

894 1663 1050 1708 Hispala
1063 1663 1225 1698 Fecenia
1245 1664 1419 1699 libertina
1438 1666 1607 1700 meretrix

913 1710 968 1753 39,
995 1710 1027 1751 9,
1053 1710 1074 1743 5
1092 1709 1135 1743 Ρ.
1172 1710 1373 1744 Aebutium
1399 1711 1560 1745 deterret
1584 1723 1607 1745 a

913 1754 1070 1788 Bacchis
1090 1755 1145 1798 39,
1162 1756 1216 1798 10,
1237 1755 1258 1788 2
1290 1756 1337 1789 ad
1356 1756 1532 1790 indicium
1550 1756 1605 1790 fa-

915 1800 1084 1834 ciendum
1098 1812 1120 1834 a
1134 1801 1284 1835 consule
1299 1801 1475 1835 arcessita
1487 1802 1542 1843 39,
1561 1803 1604 1835 12

915 1856 1009 1889 quae
1024 1845 1057 1879 ei
1073 1846 1236 1890 praemia
1250 1847 1338 1881 data
1352 1847 1424 1880 sint
1438 1859 1460 1881 a
1474 1852 1605 1882 senatu

913 1891 969 1933 39,
986 1891 1039 1933 19,
1055 1892 1087 1924 5.

892 1935 1051 1979 Hispani
1078 1947 1100 1969 a
1124 1936 1300 1969 Romanis
1332 1940 1523 1971 tentantur
1545 1938 1601 1981 21,

914 1981 968 2023 19,
984 1981 1004 2013 6
1041 1981 1159 2015 aversi
1186 1992 1207 2014 a
1233 1981 1409 2015 societate
1434 1982 1604 2017 Romana

913 2025 961 2059 ib.
976 2026 997 2059 8
1022 2025 1059 2059 in
1073 2025 1233 2060 exercitu
1246 2026 1469 2060 Hannibalis
1481 2028 1536 2070 21,
1546 2028 1601 2071 27,

912 2071 934 2104 2
970 2070 1074 2105 miles
1101 2071 1148 2104 ad
1179 2072 1471 2106 concursandum
1496 2078 1604 2118 aptus

913 2116 1008 2150 inter
1033 2127 1122 2149 saxa
1141 2120 1177 2150 et
1196 2116 1285 2150 levis
1305 2128 1386 2150 cum
1404 2118 1601 2153 velocitate

913 2172 1104 2205 corporum
1117 2165 1194 2195 tum
1209 2172 1390 2195 armorum
1403 2163 1532 2198 habitu
1545 2164 1601 2208 22,

914 2207 968 2250 18,
984 2207 1005 2240 3
1029 2206 1140 2240 robur
1159 2206 1194 2239 in
1215 2207 1375 2241 exercitu
1394 2208 1602 2243 Poenorum

912 2252 968 2295 27,
984 2252 1037 2295 14,
1053 2253 1074 2285 5
1104 2252 1211 2296 primi
1229 2253 1472 2287 mercennarii
1491 2254 1528 2288 in
1543 2266 1601 2289 ex-

913 2297 1029 2331 ercitu
1052 2297 1219 2331 Romano
1244 2298 1305 2341 24,
1330 2299 1391 2341 49,
1418 2299 1439 2332 8
1475 2301 1602 2344 populi

914 2342 1070 2386 amplius
1086 2348 1230 2375 centum
1243 2343 1432 2378 Romanae
1448 2344 1601 2379 dicionis

912 2387 1002 2421 facti
1015 2388 1069 2431 22,
1085 2388 1139 2430 20,
1157 2389 1197 2421 11
1223 2399 1349 2423 omnes
1366 2389 1443 2423 fere
1464 2391 1511 2424 ad
1528 2391 1601 2424 Ro-

912 2443 1038 2466 manos
1076 2433 1192 2466 aversi
1228 2433 1329 2468 fama
1354 2434 1601 2469 Hasdrubalis

911 2478 1112 2522 profecturi
1131 2478 1168 2511 in
1182 2478 1329 2512 Italiam
1343 2480 1397 2522 23,
1412 2480 1466 2523 27,
1483 2481 1503 2514 9
1526 2481 1599 2515 Ro-

911 2523 1602 2569 manisconciliatiScipionumvictoria

911 2569 964 2612 23,
980 2569 1036 2612 29,
1052 2569 1094 2602 16
1102 2569 1144 2602 P.
1170 2569 1388 2603 nobilissimi
1401 2571 1439 2604 in
1452 2571 1600 2605 Italiam

911 2614 1011 2648 missi
1024 2614 1071 2648 ad
1084 2613 1335 2648 sollicitandos
1354 2616 1550 2660 populares
1565 2618 1599 2650 in

911 2659 1072 2694 exercitu
1096 2659 1319 2695 Hannibalis
1343 2661 1398 2706 24,
1420 2662 1476 2706 49,
1495 2663 1518 2697 8
1554 2662 1598 2696 iis
