1804 2926
229 218 520 255 PERIOCHAE
542 216 811 252 LIBRORUM
835 215 1333 251 CXXXIII—CXXXXH.
1408 207 1491 248 223

651 312 702 337 EX
721 312 794 336 LIB.
816 310 971 336 cxxxm.

202 351 251 385 M.
277 350 460 385 Antonius
486 350 533 384 ad
557 349 706 384 Aetium
732 350 849 383 classe
881 348 998 382 victus
1022 348 1287 383 Alexandriam
1310 346 1493 393 profugit,

133 396 376 441 obsessusque
402 394 605 439 avCaesare
631 395 669 428 in
696 394 823 428 ultima
849 394 1105 438 desperatione
1130 406 1268 437 rerum,
1293 394 1492 438 praecipue

133 442 277 477 occisae
292 442 513 485 Cleopatrae
526 440 619 474 falso
633 451 776 473 rumore
791 439 968 484 inpulsus,
985 451 1022 474 se
1036 440 1114 484 ipse
1128 439 1323 474 interfecit.
1355 438 1492 473 Caesar

131 487 359 521 Alexandria
372 487 408 519 in
422 489 642 530 potestatem
654 486 816 528 redacta,
827 485 1024 528 Cleopatra
1037 496 1082 519 ne
1095 486 1132 518 in
1147 485 1337 519 arbitrium
1345 485 1490 518 victoris

131 533 272 566 veniret
286 531 491 566 voluntaria
504 535 619 565 morte
634 530 821 573 defuncta,
832 530 869 563 in
882 530 1010 563 urbem
1023 542 1188 565 reversus
1202 534 1276 564 tres
1289 529 1492 573 triumphos

132 578 225 622 egit,
252 588 364 611 unum
388 587 432 611 ex
449 576 618 621 Illyrico,
647 576 803 610 alterum
828 587 871 610 ex
894 576 1052 610 Actiaca
1075 575 1245 618 victoria,
1272 574 1421 609 tertium
1447 574 1492 608 de

131 623 347 667 Cleopatra,
367 621 525 665 inposito
540 620 612 655 fine
627 620 795 655 civilibus
810 620 916 655 bellis
932 621 1046 654 altero
1062 625 1097 655 et
1110 621 1282 655 vicesimo
1297 630 1405 653 anno,
1442 619 1492 652 M.

132 667 295 712 Lepidus
309 666 460 711 Lepidi,
484 666 546 710 qui
564 665 730 700 triumvir
749 666 887 709 fuerat,
908 665 1021 709 filius,
1043 665 1298 703 coniuratione
1318 665 1493 699 adversus

131 712 331 748 Caesarem
344 711 446 745 facta
459 711 597 746 bellum
610 711 777 754 moliens,
794 722 990 755 oppressus
1005 714 1041 746 et
1055 711 1196 745 occisus
1210 715 1276 746 est.

644 764 697 788 Ex
716 764 788 788 Lm.
812 764 981 788 CXXXIIII.

199 801 239 836 C.
254 800 392 836 Caesar
409 801 519 835 rebus
540 801 739 846 conpositis
761 804 797 835 et
815 800 983 834 omnibus
1002 800 1199 844 provinciis
1218 800 1257 834 in
1270 803 1407 846 certam
1421 798 1493 833 for-

130 858 227 880 mam
241 847 400 881 redactis
414 847 605 891 Augustus
620 857 765 891 quoque
780 846 1062 891 cognominatus
1076 850 1141 889 est,
1152 853 1188 880 et
1201 845 1335 880 mensis
1347 844 1493 879 Sextilis

131 892 169 925 in
188 893 363 926 honorem
383 892 460 926 eius
482 891 691 936 appellatus
706 896 772 926 est.
810 903 892 925 cuin
905 891 967 926 ille
982 895 1202 926 conventum
1217 891 1391 925 Narbone
1407 901 1494 936 age-

131 940 197 981 ret,
213 948 343 971 census
357 949 379 971 a
393 937 509 970 tribus
520 937 663 980 Galliis,
680 948 770 981 quas
780 936 917 972 Caesar
929 940 1036 982 pater
1048 936 1198 980 vicerat,
1215 940 1330 970 actus.
1356 935 1494 970 bellum

133 983 307 1017 adversus
325 982 527 1017 Basternas
545 986 582 1017 et
601 981 747 1018 Moesos
768 986 805 1017 et
824 982 915 1017 alias
935 990 1066 1028 gentes
1086 993 1109 1017 a
1126 982 1177 1016 M.
1198 981 1330 1017 Crasso
1350 984 1494 1027 gestum

132 1032 160 1071 [.
177 1053 185 1062 .
201 1032 227 1070 .]
241 1028 461 1063 referuntur.

663 1080 714 1104 Ex
734 1081 806 1105 ΜΒ.
829 1079 966 1105 cxxxv,

199 1118 345 1153 Bellum
370 1129 392 1153 a
411 1118 461 1152 M.
482 1117 614 1154 Crasso
640 1118 815 1153 adversus
835 1118 1002 1152 Thracas
1029 1121 1065 1153 et
1091 1129 1113 1152 a
1133 1117 1293 1153 Caesare
1320 1117 1495 1152 adversus

133 1164 320 1209 Hispanos
333 1169 478 1209 gestum
492 1164 661 1207 refertur,
677 1168 713 1198 et
728 1164 878 1207 Salassi,
894 1176 988 1209 gens
1000 1163 1151 1208 Alpina,
1166 1163 1373 1209 perdomiti.

201 1215 404 1257 [Librorum
419 1225 569 1250 cxxxvr
582 1220 613 1248 et
627 1224 792 1249 cxxxvn
801 1216 984 1259 periochae
996 1215 1145 1257 desunt]

642 1267 694 1292 Ex
712 1268 784 1292 LIB.
807 1267 987 1292 cxxxvln.

200 1305 309 1340 Raeti
323 1317 345 1339 a
359 1305 416 1339 Ti.
430 1305 576 1340 Nerone
591 1308 628 1340 et
640 1305 761 1339 Druso
777 1304 947 1339 Caesaris
961 1304 1140 1350 privignis
1155 1305 1294 1340 domiti.
1325 1305 1496 1352 Agrippa

134 1350 302 1386 Caesaris
315 1361 431 1396 gener
443 1354 619 1384 mortuus.
646 1361 667 1384 a
679 1350 802 1384 Druso
817 1361 948 1384 census
963 1354 1066 1385 actus
1082 1355 1148 1385 est.

635 1404 686 1428 Ex
704 1404 778 1428 ΜΒ.
801 1403 994 1428 cxxxvnn.

201 1442 376 1476 Civitates
396 1440 618 1475 Germaniae
639 1441 690 1474 cis
709 1441 879 1475 Rhenum
904 1445 940 1475 et
959 1445 1060 1475 trans
1080 1441 1250 1476 Rhenum
1269 1441 1412 1486 positae
1432 1453 1494 1486 op-

133 1493 344 1533 pugnantur
362 1498 384 1520 a
401 1486 540 1529 Druso,
563 1490 600 1520 et
618 1486 812 1529 tumultus,
835 1486 897 1530 qui
917 1487 964 1520 ob
984 1498 1132 1520 censum
1153 1491 1298 1521 exortus
1318 1487 1355 1520 in
1371 1486 1496 1522 Gallia

133 1537 228 1574 erat,
255 1531 483 1576 componitur.
522 1543 587 1565 ara
607 1530 758 1565 Caesari
784 1532 831 1566 ad
855 1531 1102 1566 confluentem
1121 1532 1249 1565 Araris
1269 1536 1305 1566 et
1324 1532 1496 1567 Rhodani

133 1578 314 1621 dedicata,
330 1577 520 1611 sacerdote
535 1581 659 1611 creato
675 1576 714 1611 C.
728 1577 823 1611 Iulio
837 1577 1194 1612 Vercondaridubno
1209 1578 1352 1611 Aeduo.

670 1630 719 1654 EX
733 1630 806 1654 ΜΒ.
823 1629 960 1654 cxxxx.

200 1667 365 1702 Thraces
391 1666 519 1701 domiti
533 1678 555 1701 a
574 1666 617 1700 L.
637 1667 794 1711 Pisone,
818 1667 906 1702 item
927 1667 1118 1711 Cherusci,
1143 1667 1334 1711 Tencteri,
1357 1667 1497 1702 Chauci

133 1713 301 1758 aliaeque
317 1712 583 1747 Germanorum
597 1717 698 1746 trans
711 1712 881 1747 Rhenum
896 1718 1025 1758 gentes
1040 1714 1216 1748 subactae
1232 1724 1253 1747 a
1266 1713 1388 1747 Druso
1403 1713 1497 1748 refe-

132 1763 272 1793 runtur.
305 1757 459 1792 Octavia
478 1769 580 1792 soror
592 1758 753 1804 Augusti
774 1758 967 1801 defuncta,
990 1763 1075 1793 ante
1097 1759 1229 1793 amisso
1243 1758 1321 1793 filio
1335 1759 1384 1792 M.
1399 1759 1497 1792 Mar-

133 1804 244 1847 cello,
279 1804 382 1838 cuius
411 1804 637 1838 monimenta
666 1807 751 1837 sunt
780 1804 966 1839 theatrum
998 1808 1035 1838 et
1058 1804 1221 1849 porticus
1246 1805 1394 1839 nomine
1421 1804 1497 1839 eius

135 1849 271 1883 dicata.

662 1896 715 1921 Ex
727 1897 800 1921 ΜΒ.
816 1896 968 1921 ΘΧΧΧΧΙ.

202 1932 349 1967 Bellum
363 1933 537 1967 adversus
551 1934 838 1968 transrhenanas
853 1938 983 1979 gentes
999 1945 1020 1968 a
1033 1933 1155 1968 Druso
1170 1938 1314 1979 gestum
1328 1934 1496 1977 refeffiir,

134 1982 172 2012 in
186 1989 257 2022 quo
271 1978 366 2011 inter
378 1978 554 2023 primores
566 1989 617 2022 pu
644 1983 824 2013 naverunt
838 1979 1113 2013 Chumstinctus
1127 1982 1163 2013 et
1170 1979 1346 2013 Avectius
1360 1980 1498 2013 tribuni

136 2034 179 2058 ex
199 2023 345 2057 civitate
366 2022 593 2057 Nerviorum.
670 2024 826 2057 almatas
846 2028 882 2058 et
900 2024 1113 2057 Pannonios
1133 2024 1232 2058 Nero
1251 2024 1367 2058 frater
1384 2024 1496 2057 Drusi

136 2068 293 2114 subegit.
331 2079 402 2112 pax
420 2079 503 2102 cum
521 2067 669 2101 Parthis
688 2068 790 2102 facta
809 2072 864 2102 est
884 2068 1000 2113 signis
1014 2080 1036 2102 a
1049 2079 1137 2113 rege
1157 2079 1300 2113 eorum,
1322 2080 1415 2113 (luae
1430 2069 1497 2103 sub

137 2114 269 2147 Crasso
283 2117 320 2147 et
331 2116 463 2158 postea
477 2112 543 2146 sub
556 2113 719 2148 Antonio
735 2117 846 2158 capta
860 2117 976 2156 erant,
991 2113 1157 2148 redditis.

660 2166 711 2190 EX
724 2166 797 2190 LIB.
812 2165 979 2192 cxxxxn.

203 2204 349 2238 Bellum
369 2203 542 2238 adversus
558 2202 825 2238 Germanorum
838 2206 939 2237 trans
952 2203 1122 2238 Rhenum
1135 2202 1303 2237 civitates
1317 2208 1461 2249 gestum
1476 2215 1498 2238 a

139 2251 259 2283 Druso
284 2250 453 2284 refertur.
501 2249 579 2293 ipse
605 2260 648 2283 ex
671 2248 835 2282 fractma
860 2259 953 2292 equo
979 2260 1088 2292 super
1113 2259 1194 2282 crus
1220 2248 1297 2282 eius
1322 2249 1497 2293 conlapso

138 2295 318 2329 tricesimo
338 2295 397 2329 die
417 2305 526 2339 quam
546 2294 584 2327 id
603 2294 790 2328 acciderat
808 2298 981 2327 mortuus
1019 2304 1149 2337 corpus
1170 2305 1192 2328 a
1205 2293 1351 2328 Nerone
1371 2294 1496 2338 fratre,

139 2339 201 2384 qui
219 2340 348 2374 nuntio
372 2338 595 2374 valetudinis
621 2342 793 2373 evocatus
818 2350 860 2372 ra
888 2339 953 2372 tim
979 2338 1209 2382 adeun-erat,
1236 2338 1391 2373 Romam
1416 2351 1496 2383 per-

139 2390 282 2420 vectum
308 2388 346 2419 et
369 2385 407 2418 in
425 2385 565 2418 tumulo
586 2384 624 2419 C.
645 2384 718 2418 Iuli
741 2395 850 2418 recen
880 2384 981 2418 itum.
1019 2383 1192 2418 laudatus
1214 2388 1270 2418 est
1295 2395 1317 2418 a
1337 2385 1497 2420 Caesare

140 2431 307 2476 Augusto
321 2430 449 2464 vitrico
463 2434 500 2465 et
513 2430 690 2475 supremis
704 2429 782 2464 eius
794 2429 918 2474 plures
932 2429 1090 2464 honores
1104 2429 1195 2464 dati.
