1804 2926
242 154 298 193 40
515 163 667 197 Lnffiu
693 164 900 208 xxxxii,
928 167 1053 199 1415.
1083 168 1320 210 praessa]

242 266 494 321 contigisset,
515 267 704 308 libertate
726 267 1016 323 intemperanti
1037 269 1225 311 invectus
1245 269 1288 310 in
1305 285 1460 325 regem,
1481 273 1590 324 quod

243 329 469 382 Lyciorum
494 336 663 383 gentem
689 329 888 371 adversus
914 331 1101 372 Rhodios
1128 332 1376 373 concitasset
1406 333 1593 387 gravior-

197 406 213 432 υ
241 406 321 443 que
357 391 487 432 Asiae
530 399 638 432 esset
674 406 800 444 quam
836 393 1073 434 Antiochus
1110 394 1277 443 fuisset,
1320 395 1591 449 popularibus

240 453 409 505 quidem
438 460 603 508 gratam
626 478 682 483 ——
705 470 802 494 nam
828 469 877 496 co
903 470 1070 509 quoquc
1100 456 1183 496 iam
1208 456 1327 497 favor
1351 457 1496 498 Persei
1522 472 1593 498 ve-

240 523 358 556 nerat
381 539 437 543 —
461 515 690 557 orationem
716 516 875 565 habuit,
901 528 1084 559 ceterum
1110 518 1286 559 invisam
1313 519 1476 560 senatui
1500 519 1592 559 inu-

179 590 215 617 lo
242 577 439 631 tilemque
471 577 550 618 sibi
582 586 623 619 et
653 578 811 620 civitati
836 595 948 621 suae.
1009 580 1190 622 Eumeni
1216 596 1313 622 vero
1340 581 1590 636 conspiratio

240 640 441 680 adversus
471 655 566 681 eum
596 640 783 682 favorem
815 650 914 696 aput
942 642 1155 684 Romanos
1188 643 1299 684 fecit.
1358 644 1415 684 ita
1448 658 1592 685 omnes

240 702 275 743 ci
308 702 485 743 honores
517 702 668 751 habiti,
706 703 898 756 donaque
930 719 1057 757 quam
1088 705 1344 759 amplissima
1375 705 1472 746 data
1496 719 1592 746 cum

239 764 341 805 sella
366 763 499 804 curuli
525 774 650 817 atque
676 765 859 806 eburneo
885 766 1080 820 scipione.

200 840 207 864 ι
323 826 427 867 XV.
471 825 778 880 Legationibus
815 827 996 868 dimissis
1034 843 1128 869 eum
1165 829 1399 883 Harpalus,
1436 836 1594 883 quanta

239 887 420 928 maxima
441 887 651 928 celeritate
677 896 852 942 poterat,
878 904 1093 943 regressus
1118 890 1160 930 in
1174 890 1469 931 Macedoniam
1487 906 1594 931 nun-

239 950 379 990 tiasset
399 949 502 1003 regi,
527 949 713 989 nondum
735 950 904 1002 quidem
928 951 1113 1005 parantis
1139 951 1295 992 bellum
1314 952 1529 1005 reliquisse
1550 967 1593 992 se

239 1012 465 1060 Romanos,
492 1011 566 1052 sed
590 1011 647 1052 ita
671 1011 858 1062 infestos,
885 1021 929 1053 ut
956 1013 1077 1054 facile
1099 1022 1316 1068 appareret
1341 1029 1425 1055 non
1444 1015 1594 1055 dilatu-

238 1088 324 1122 ros,
357 1081 397 1114 et
421 1073 529 1128 ipse,
562 1082 856 1128 praeterquam
881 1076 995 1128 quod
1020 1086 1058 1117 et
1084 1076 1142 1117 ita
1173 1077 1367 1117 crede-bat
1392 1077 1594 1124 futurum,

237 1136 321 1176 iam
365 1135 491 1176 etiam
533 1136 720 1185 volebat,
765 1136 809 1177 in
851 1138 951 1178 flore
995 1138 1146 1179 virium
1194 1154 1238 1180 se
1281 1139 1453 1180 eredens
1490 1154 1593 1180 esse.

195 1215 212 1243 3
239 1197 420 1238 Eumeni
454 1206 550 1238 ante
576 1198 709 1239 omnis
740 1198 915 1240 infestus
948 1208 1035 1241 erat
1046 1217 1055 1249 3
1088 1216 1113 1242 a
1144 1201 1262 1241 cuius
1295 1201 1498 1256 sanguine
1529 1215 1595 1242 or-

239 1260 355 1301 diens
382 1260 557 1308 bellum,
583 1259 832 1301 Euandrum
858 1260 1122 1312 Cretensem,
1155 1263 1304 1304 ducem
1330 1263 1594 1310 auxiliorum,

239 1332 280 1363 et
309 1322 568 1363 Macedonas
595 1330 678 1363 tres
704 1323 899 1364 adsuetos
930 1325 1152 1366 ministeris
1185 1325 1331 1366 talium
1360 1325 1591 1366 facinorum

240 1385 294 1425 ad
331 1384 502 1425 caedem
537 1385 647 1439 regis
685 1385 883 1427 subornat
920 1387 1144 1440 literasque
1176 1388 1234 1428 eis
1267 1387 1337 1428 dat
1368 1387 1421 1428 ad
1451 1387 1593 1427 Praxo

240 1446 466 1500 hospitam,
502 1447 734 1500 principem
769 1448 1014 1490 auctoritate
1052 1457 1091 1490 et
1129 1449 1278 1503 opibus
1316 1448 1591 1503 Delphorum.

196 1525 216 1553 4
242 1509 340 1549 satis
367 1508 583 1549 constabat
609 1508 864 1558 Eumenem,
896 1519 940 1551 ut
974 1511 1223 1552 sacrificaret
1248 1512 1455 1565 Apollini,
1488 1511 1592 1551 Del-

239 1570 344 1625 phos
378 1584 658 1611 eseensurum.
707 1572 940 1625 praegressi
973 1588 1067 1613 eum
1098 1572 1298 1613 Euandro
1329 1573 1590 1614 insidiatores

239 1632 341 1672 nihil
368 1631 480 1672 aliud
506 1631 557 1672 ad
587 1633 875 1687 peragendum
900 1634 1112 1688 inceptum
1139 1649 1265 1687 quam
1290 1635 1370 1675 loci
1395 1644 1591 1689 opportu-

196 1712 214 1740 5
241 1695 429 1743 nitatem,
456 1694 595 1734 omnia
620 1694 938 1744 circumeuntes,
965 1697 1234 1749 quaerebant.
1272 1697 1590 1739 escendentibus

240 1757 293 1797 ad
325 1757 527 1811 templum
561 1772 585 1797 a
617 1755 786 1806 Cirrha,
822 1758 1067 1812 priusquam
1104 1759 1390 1813 perveniretur
1421 1760 1474 1800 ad
1509 1759 1592 1800 fre-

239 1819 410 1873 quentia
436 1819 633 1859 aedificiis
659 1820 764 1869 loca,
789 1821 969 1861 maceria
988 1830 1073 1862 emt
1095 1821 1147 1861 ab
1173 1822 1291 1862 laeva
1317 1822 1463 1863 semita
1487 1836 1592 1876 pau-

239 1883 325 1922 lum
352 1888 519 1922 extante
544 1897 568 1921 a
599 1881 873 1923 fundamento
899 1897 981 1936 qua
1005 1883 1158 1937 singuli
1184 1884 1418 1932 transirent,
1445 1884 1592 1924 dextra

239 1959 335 1998 pars
366 1943 461 1984 labe
494 1950 626 1984 terrae
657 1943 700 1983 in
731 1944 991 1996 aliquantum
1023 1945 1251 1986 altitudinis
1284 1946 1459 2000 derupta
1490 1954 1590 1986 erat.

194 2021 212 2050 6
239 2012 333 2060 post
356 2004 582 2045 maceriam
613 2020 656 2046 se
682 2005 934 2047 abdiderunt
963 2007 1164 2061 gradibus
1189 2007 1430 2057 adstructis,
1467 2015 1514 2047 ut
1539 2022 1590 2048 ex

195 2083 210 2111 7
239 2084 289 2109 ea
313 2068 425 2108 velut
451 2082 474 2108 e
498 2083 618 2108 muro
650 2068 732 2109 tela
756 2069 799 2109 in
828 2076 1163 2123 praetereuntem
1191 2070 1408 2111 coicerent.
1456 2070 1590 2124 primo

237 2147 261 2170 a
285 2129 391 2170 mari
422 2129 673 2170 circumfusa
703 2131 826 2171 turba
857 2131 1084 2172 amicorum
1112 2144 1160 2173 ac
1192 2133 1415 2173 satellitum
1446 2145 1591 2186 proce—

238 2192 382 2240 debat,
426 2191 575 2233 deinde
612 2193 895 2234 extenuabant
931 2194 1132 2248 paulatim
1170 2194 1387 2249 angustiae
1424 2209 1588 2248 agmen.

191 2269 210 2297 s
236 2254 308 2294 ubi
334 2254 386 2294 ad
412 2269 506 2296 eum
530 2254 669 2295 locum
689 2263 860 2295 ventum
880 2264 955 2305 est,
981 2271 1065 2309 qua
1085 2257 1257 2311 singulis
1280 2256 1464 2296 eundum
1488 2263 1589 2304 erat,

236 2316 394 2369 primus
426 2316 615 2356 semitam
646 2316 858 2370 ingressus
889 2318 1123 2359 Pantaleon
1152 2318 1345 2359 Aetoliae
1381 2317 1586 2372 princeps,

194 2391 211 2419 9
239 2392 332 2417 cum
369 2391 451 2429 quo
488 2377 702 2418 institutus
738 2379 828 2433 regi
865 2395 999 2421 sermo
1037 2388 1136 2421 erat.
1202 2388 1290 2421 tum
1327 2380 1587 2420 insidiatores

239 2438 370 2479 exorti
396 2453 496 2478 saxa
521 2439 605 2478 duo
629 2439 815 2493 ingentia
840 2442 1079 2491 devolvunt,
1107 2456 1285 2496 quorum
1311 2443 1439 2483 altero
1465 2450 1589 2496 caput

174 2513 213 2542 10
239 2500 366 2540 ictum
393 2509 451 2540 est
479 2500 580 2553 regi,
607 2501 735 2541 altero
761 2517 928 2543 umerus
938 2520 948 2552 ς
975 2504 1218 2558 sopitusque
1247 2519 1298 2545 ex
1323 2504 1470 2544 semita
1494 2518 1588 2558 pro-

238 2561 333 2602 clivi
359 2559 482 2616 [ruit]
509 2561 551 2601 111
576 2561 754 2610 declive,
786 2564 927 2604 multis
953 2580 1078 2619 super
1104 2567 1345 2620 prolapsum
1369 2566 1452 2606 iam
1477 2564 1587 2605 saxis

238 2623 455 2677 congestis.
495 2630 532 2664 ct
555 2623 680 2664 ceteri
699 2624 868 2676 quidem
892 2625 1014 2666 etiam
1038 2626 1264 2667 amicorum
1285 2636 1322 2668 et
1349 2627 1584 2673 satellitum,

194 1092 211 1119 [ὗ
