1804 2926
554 212 598 246 T.
625 211 734 247 LIVI
758 210 1090 248 FRAGMENTA.
1418 200 1500 242 233

145 308 273 340 ctaret.
332 315 420 350 ergo
444 302 574 338 missus
598 305 654 337 est
679 302 876 337 Maecenas
901 314 983 336 cum
1008 302 1195 347 Agrippa,
1223 302 1284 347 qui
1309 306 1501 346 utrumque

145 350 341 385 exercitum
361 351 399 383 in
417 360 493 383 una
510 351 633 382 castra
651 351 862 392 coegerunt.
917 348 986 382 hoc
1004 348 1130 381 Livius
1149 348 1212 381 lib.
1228 359 1374 382 cxxvn.
1395 347 1501 380 intel-

144 395 342 441 legendum
361 398 497 437 autem,
525 393 622 438 quod
641 392 796 427 Fonteio
815 394 924 427 misso
946 393 992 427 ab
1011 393 1173 427 Antonio
1192 394 1382 438 Augustus
1401 392 1501 426 Mae-

144 444 313 475 cenatem
332 444 369 474 et
388 443 528 474 ceteros
555 438 602 472 ad
621 438 777 472 eundem
802 437 923 472 locum
943 438 1092 473 miserit.
1140 440 1234 473 Acro
1252 440 1311 483 qui
1325 438 1438 481 fertur
1459 439 1505 471 ad

145 487 271 520 Horat.
286 492 349 518 sat.
365 485 383 519 Ι
396 485 428 527 5,
443 484 498 517 29.

211 530 271 564 Ab
285 529 448 563 Antonio
466 528 597 562 missus
615 527 738 562 fuerat
749 527 927 563 Fonteius
942 528 1073 573 Capito
1092 529 1250 574 legatUS,
1271 528 1319 562 ab
1332 528 1503 572 Augusto

144 575 344 609 Maecenas
357 574 608 608 intercedente
622 573 777 608 Cocceio
792 573 925 617 Nerva,
951 585 1087 619 proavo
1101 574 1245 609 Nervae
1259 572 1502 618 imperatoris,

143 620 205 665 qui
225 624 262 654 et
279 621 448 664 Augusto
467 622 504 653 et
520 618 682 652 Antonio
707 622 835 664 gratus
861 622 955 662 erat,
982 630 1064 653 cum
1082 619 1263 664 Agrippa.
1313 629 1358 653 ea
1381 622 1504 652 autem

142 664 357 699 condicione
371 667 619 698 convenerant
630 663 758 708 legati,
783 667 825 698 ut
839 664 884 699 de
899 676 1040 699 summa
1052 676 1172 699 rerum
1185 666 1390 698 tractarent
1403 674 1504 697 exor-

142 714 291 753 tamque
324 708 590 744 dissensionem
621 709 717 743 inter
742 709 833 743 duos
863 710 929 743 hos
961 710 1200 754 imperatores
1225 711 1504 753 componerent,

143 756 240 799 quod
262 758 299 789 et
317 754 497 797 fecerunt,
525 758 562 789 et
580 758 773 798 utrumque
793 755 992 789 exercitum
1012 756 1113 788 iuxta
1126 754 1361 788 Brundisium
1380 753 1417 786 in
1431 764 1505 786 uua

145 803 266 834 castra
286 811 367 833 cum
386 810 524 844 magna
544 799 689 834 laetitia
702 804 919 845 coegerunt,
941 804 983 834 ut
1001 800 1114 835 refert
1127 799 1255 834 Livius
1275 799 1337 833 lib.
1354 809 1503 833 cxxvn.

141 847 243 879 schol.
261 845 497 890 Cruquianum
511 846 557 879 ad
570 846 696 879 Horat.
710 851 776 879 sat.
791 845 810 879 Ι
823 845 855 889 5,
870 845 925 878 29.

620 895 645 930 [⁸
658 897 731 922 L1B.
746 904 772 923 a.
786 904 813 922 u.
828 904 853 922 c.
869 896 1022 922 CXXVIII.

210 935 255 980 η’)
281 934 330 968 Μ.
344 934 514 980 Agrippa
528 938 564 969 et
582 934 626 968 L.
643 935 830 969 Caninius.
879 935 947 968 His
968 935 1179 969 consulibus
1199 935 1303 970 lacus
1322 933 1505 969 Lucrinus

146 979 183 1013 iu
196 984 343 1024 portum
356 991 553 1014 conversus
568 984 632 1014 est.
684 981 833 1014 Cassiod.
852 982 874 1014 l.
890 983 911 1015 l.
927 993 959 1014 a.
976 993 1006 1014 u.
1023 981 1119 1023 711]

629 1032 643 1047 *
657 1033 729 1057 LIB.
744 1039 768 1058 a.
784 1040 811 1058 u.
828 1040 852 1057 c.
869 1033 1022 1058 CXXXIII.

189 1070 247 1114 51)
274 1069 369 1105 Nam
383 1070 533 1104 etTitus
542 1070 669 1104 Livius
678 1070 791 1105 refert
803 1070 904 1104 illam
914 1071 1150 1115 (Cleopatram
1158 1070 1234 1115 sa),
1245 1081 1327 1104 cum
1341 1070 1385 1104 de
1400 1069 1504 1102 indu-

144 1115 234 1149 stria
248 1115 294 1149 ab
308 1116 478 1160 Augusto
493 1115 531 1149 in
545 1115 760 1160 captivitate
774 1116 1026 1161 indulgentius
1040 1120 1262 1150 tractaretur
1274 1142 1282 1158 ‚
1303 1115 1505 1149 identidem

147 1161 269 1195 dicere
283 1160 429 1194 solitam
441 1160 555 1195 fuisse
576 1166 584 1179 ⁸
596 1161 637 1194 οὐ
653 1162 963 1204 θριαμβεύσομαϋ
983 1161 1020 1194 id
1035 1165 1090 1195 est
1102 1172 1176 1195 non
1189 1160 1444 1204 triumphabor
1458 1159 1505 1193 ab

144 1205 229 1239 alio.
276 1207 403 1249 Porpk.
420 1207 466 1239 ad
478 1207 566 1240 Hor.
583 1218 688 1240 carm.
704 1206 723 1240 Ι
736 1206 792 1250 37,
808 1206 869 1250 303
893 1207 1008 1240 eadem
1021 1206 1094 1249 fere
1107 1213 1136 1240 et
1150 1207 1387 1240 Acrom'anam
1400 1206 1503 1238 schol.

143 1256 174 1284 et
190 1251 425 1295 Cruquianum
439 1252 568 1284 ibidem.

215 1296 268 1341 [oe)
294 1294 333 1329 C.
349 1295 486 1329 Caesar
498 1307 527 1330 11
541 1301 577 1330 et
590 1295 639 1329 M.
653 1295 826 1330 Messala.
869 1295 938 1329 His
952 1295 1166 1330 consulibus
1180 1295 1279 1339 apud
1291 1294 1439 1329 Actium
1453 1293 1502 1327 M.

143 1340 325 1374 Antonius
340 1351 361 1373 a
375 1339 534 1374 Caesare
549 1344 754 1384 superatur.
804 1342 957 1374 Cassiod.
972 1342 1085 1374 chron.
1100 1353 1132 1374 a.
1148 1353 1179 1374 a.
1194 1341 1271 1374 723.

209 1387 245 1431 y)
271 1384 310 1419 C.
326 1385 464 1419 Caesar
476 1396 522 1419 111
542 1389 579 1420 et
598 1385 646 1418 M.
662 1384 826 1420 Crassus.
874 1385 943 1419 His
965 1385 1176 1419 consulibus
1188 1384 1397 1429 Nicopolim
1412 1384 1502 1418 Cae-

143 1441 202 1464 sar
216 1430 405 1472 construit,
431 1430 537 1464 ludos
550 1430 724 1464 Actiacos
738 1430 906 1463 instituit.
954 1430 1137 1464 Antonius
1153 1441 1174 1464 a
1187 1430 1344 1464 Caesare
1364 1429 1505 1474 proelio

142 1479 355 1520 peremptus
379 1475 629 1510 Alexandriae
659 1475 697 1509 in
727 1475 914 1510 mausoleo
947 1486 1029 1510 cum
1055 1475 1254 1520 Cleopatra
1282 1475 1504 1510 reconditur.

145 1521 296 1554 Cassiod.
312 1521 426 1554 chron.
442 1532 474 1554 a.
489 1532 522 1554 u.
539 1520 616 1554 724.

618 1566 632 1581 ⁸
646 1567 719 1592 Lm.
734 1574 759 1592 a.
775 1573 803 1592 u.
819 1574 842 1592 c.
860 1566 1027 1592 cxxxun.

209 1610 242 1655 z)
269 1609 308 1644 C.
324 1609 461 1645 Caesar
473 1621 499 1644 v
512 1613 549 1645 et
562 1610 611 1644 M.
626 1610 797 1656 Agrippa
810 1621 850 1645 11.
886 1610 956 1644 His
977 1609 1189 1644 consulibus
1202 1609 1421 1644 Parthorum
1435 1609 1506 1644 dis-

146 1656 334 1689 sensiones
347 1667 413 1699 per
427 1655 624 1690 Caesarem
637 1655 801 1690 sedatae.
852 1656 1005 1690 Cassiod.
1020 1657 1134 1689 chron.
1151 1667 1182 1689 a.
1198 1668 1230 1689 u.
1247 1655 1323 1689 72⁴3.

211 1700 271 1745 aa)
298 1699 337 1734 C.
353 1700 492 1735 Caesar
511 1712 551 1735 v1
571 1704 608 1735 et
627 1700 677 1734 M.
691 1701 861 1746 Agrippa
874 1712 930 1735 111.
980 1700 1118 1735 Caesar
1137 1701 1240 1745 leges
1258 1700 1427 1744 protulit,
1453 1699 1506 1733 iu—

144 1745 241 1779 dices
257 1745 450 1788 ordinavit,
466 1746 673 1790 provincias
687 1745 868 1792 disposuit
881 1750 918 1781 et
931 1746 1013 1781 ideo
1022 1747 1212 1792 Augustus
1226 1745 1508 1791 cognominatus

144 1794 210 1825 est.
261 1791 414 1824 Cassiod.
429 1793 450 1824 l.
466 1793 488 1825 l.
503 1803 534 1825 a.
550 1804 582 1825 u.
599 1792 696 1833 727]

636 1843 649 1858 *
662 1844 736 1868 LIB.
750 1850 776 1869 a.
791 1851 819 1869 u.
835 1851 859 1868 c.
876 1843 1014 1869 CXXXV.

213 1880 272 1925 52)
296 1880 351 1913 Ex
369 1891 440 1925 quo
459 1880 561 1916 facta
579 1884 635 1915 est
654 1882 740 1927 (paz
753 1894 799 1916 sc.
817 1882 957 1927 Christi)
979 1886 1016 1916 et
1033 1882 1169 1916 mundo
1184 1884 1342 1925 ostensa,
1363 1892 1435 1915 nou
1451 1892 1505 1915 so-

145 1925 219 1958 lum
241 1925 443 1958 animarum
468 1937 541 1970 pax
564 1926 748 1960 illuminat
766 1927 958 1970 mundum,
986 1928 1051 1961 sed
1070 1927 1222 1972 publica
1240 1927 1352 1961 etiam
1372 1927 1504 1968 civilia,

146 1970 311 2003 Romano
325 1970 477 2014 imperio
492 1971 664 2014 exalt-ato,
685 1971 786 2005 bella
799 1972 919 2016 sopita
931 1983 1062 2015 pacem
1075 1972 1235 2006 omnium
1248 1971 1411 2016 gentium
1424 1971 1506 2004 bar-

146 2015 318 2049 barorum
331 2018 516 2059 repertam
535 2016 738 2059 exsultant3
763 2021 800 2050 ct
813 2017 973 2050 omnium
985 2017 1171 2050 hominum
1185 2027 1312 2061 genuS,
1335 2027 1505 2060 quocum-

148 2071 217 2104 que
237 2062 417 2093 terrarum
436 2059 517 2093 loco
532 2060 674 2095 obtinet
693 2061 827 2103 sedem,
854 2072 898 2095 ex
911 2072 953 2096 co
973 2065 1139 2105 tempore
1160 2072 1233 2094 uno
1252 2061 1418 2106 illigatur
1429 2060 1507 2094 vin-

147 2105 230 2138 culo
243 2104 356 2149 pacis.
403 2105 441 2138 in
461 2105 563 2138 cuius
585 2106 825 2149 apparitionis
846 2106 916 2149 die,
945 2106 1042 2150 quod
1055 2105 1266 2150 Epiphania
1287 2106 1506 2149 appellatur,

147 2150 285 2184 Caesar
297 2150 488 2194 Augustus
507 2150 545 2183 in
564 2150 804 2195 spectaculis,
831 2151 924 2184 sicut
942 2151 1069 2184 Livius
1087 2154 1230 2193 narrat,
1256 2149 1424 2184 Romano
1443 2161 1505 2194 po-

147 2195 235 2239 pulo
255 2194 417 2238 nuntiat,
443 2206 630 2240 regressus
645 2207 667 2229 a
679 2195 873 2229 Britannia
890 2196 1022 2239 insula,
1048 2199 1164 2229 totum
1184 2195 1309 2229 orbem
1328 2199 1506 2229 terrarum

148 2244 223 2273 tam
236 2239 335 2274 bello
350 2251 458 2284 quam
479 2240 648 2274 amicitiis
661 2240 828 2274 Romano
847 2240 1000 2284 imperio
1019 2241 1122 2285 pacis
1143 2240 1371 2274 abundantia
1385 2240 1506 2274 subdi-

147 2288 236 2319 tum.
283 2286 462 2328 Apponz'as
474 2286 509 2318 in
524 2286 691 2319 canticam
706 2286 917 2319 canticoram
931 2285 1008 2319 XII
1017 2297 1052 2329 p.
1067 2286 1134 2320 ‘237
1147 2287 1196 2319 ed.
1210 2286 1309 2319 Rom.
1324 2297 1356 2319 a.
1372 2285 1471 2319 1843.

219 2330 291 2374 [Μὴ
316 2329 356 2364 C.
377 2330 568 2374 Augustus
589 2329 727 2364 Caesar
745 2341 817 2364 vm
844 2334 881 2364 et
903 2330 954 2364 M.
981 2330 1140 2365 Silanus.
1200 2329 1269 2363 His
1296 2330 1507 2364 consulibus

149 2375 366 2454 Οᾶῃῖξξέοε,
394 2373 610 2419 Germanos,
637 2374 804 2410 Salassos
819 2374 955 2410 Cacsar
967 2375 1186 2420 perdomuit.
1226 2377 1377 2410 Cassiod.
1393 2377 1508 2410 chron.

150 2433 182 2455 a.
197 2433 228 2454 u.
266 2426 275 2435 ⁶
314 2446 321 2453 .

217 2464 270 2510 cc)
296 2464 336 2499 C.
356 2465 547 2509 Augustus
567 2463 704 2499 Caesar
724 2476 812 2500 vr111
832 2469 869 2500 et
887 2465 926 2500 C.
942 2466 1149 2501 Norbanus.
1207 2464 1277 2499 His
1297 2464 1509 2500 consulibus

149 2511 302 2544 Astures
317 2513 353 2544 et
366 2509 544 2545 Cantabri
556 2521 623 2555 per
634 2510 791 2545 Lucium
803 2511 974 2546 Lamiam
986 2510 1194 2557 perdomiti.
1223 2511 1375 2545 Cassiod.
1392 2512 1506 2545 chron.

150 2568 181 2589 a.
198 2568 229 2589 o.
245 2556 338 2599 730⁸]
646 2601 720 2627 L1B.
735 2609 761 2628 a.
775 2609 803 2628 u.
818 2610 844 2628 c.
859 2602 1010 2629 cxxxvl.

216 2646 276 2692 53)
302 2646 394 2681 Item
415 2645 460 2680 Τ.
479 2645 609 2680 Livius
634 2645 729 2680 libro
754 2657 921 2683 cxxxvr:
955 2647 1102 2683 ‘eodem
1128 2657 1225 2682 anno
1248 2646 1356 2681 ludos
1381 2657 1507 2682 saecu-

151 2692 246 2726 lares
266 2691 402 2727 Cacsar
421 2691 563 2737 ingenti
584 2690 767 2736 adparatu
786 2693 885 2737 fecit,
914 2704 1004 2739 quos
1023 2692 1221 2728 centesimo
1247 2703 1391 2737 quoque
1411 2704 1507 2727 anno
