1804 2926
202 132 286 173 410

222 231 309 275 quia
323 231 449 264 consul
463 230 599 277 SCtum
613 242 687 265 non
706 236 826 266 ratum
847 233 909 267 ha-

222 277 363 310 bitur-us
389 276 435 308 sit
454 277 509 318 28,
530 277 622 318 35,5
659 277 688 310 31
714 278 796 321 quis
825 279 911 322 quid

222 321 333 355 vellet
353 320 605 365 interrogandi
628 325 793 364 potestas
813 334 911 357 inore

222 365 358 399 tradito
372 365 539 409 patribus
560 365 601 399 fit
620 368 675 410 30,
690 368 745 410 22,
761 368 783 401 5
807 380 911 402 sena-

221 416 281 443 tus
306 410 498 444 dictatoris
523 410 741 445 relationem
761 412 865 446 reicit
878 415 910 455 2,

222 456 282 499 27,
304 456 325 489 5
362 455 506 490 senatui
525 455 758 490 intercedunt
776 458 913 491 tribuni

221 501 271 545 pl.
292 501 325 543 4,
340 502 371 544 6,
387 502 407 535 6
434 500 501 535 80.
523 501 738 536 absentibus
756 503 913 536 tribunis

221 548 362 580 factum
381 546 414 590 3,
434 546 489 589 36,
505 547 526 580 3
563 547 659 580 inter
684 551 852 581 senatum
877 552 914 582 et

223 591 392 625 consules
418 591 601 625 discordia
624 592 685 634 42,
714 594 774 635 10,
802 593 913 627 9—15

223 636 352 669 consul
378 636 444 670 80.
472 648 545 670 11011
570 640 691 670 ratum
721 637 913 672 habiturus

222 682 277 725 28,
293 682 348 724 35,
364 681 385 715 5
411 682 506 715 8010
526 681 721 716 intercedit
734 683 788 726 38,
803 683 858 726 42,
874 684 913 727 93

222 728 278 769 38,
295 726 351 770 43,
368 727 411 760 14
446 731 596 761 senatus
621 728 780 761 consulis
801 728 913 773 impe-

223 776 305 805 rata
322 771 498 806 rescindit
510 772 565 816 42,
580 772 612 816 8,
629 773 648 806 7
679 777 846 807 senatum
862 774 913 807 in-

222 817 392 851 troeundi
423 820 606 851 vetustum
636 819 833 852 sacerdotii
858 819 912 852 ius

223 862 277 905 27,
294 862 326 905 8,
342 863 363 896 8
394 873 415 896 a
436 867 567 897 senatu
586 863 714 907 populi
739 863 913 898 iudicium

223 907 383 941 rescindi
396 908 524 952 nequit
538 909 570 951 4,
582 909 611 951 7,
623 909 644 942 5
667 920 733 952 per
746 914 912 943 senatum

224 952 287 998 agi
301 953 345 987 de
360 952 499 986 civibus
512 953 617 987 Rom.
632 954 773 988 iniussu
786 955 913 999 populi

224 1009 297 1031 11011
306 998 491 1042 potest26,
501 999 556 1041 33,
568 1000 611 1032 10
630 1002 779 1033 senatus
794 1000 839 1033 de
850 1001 912 1034 dc-

224 1043 409 1077 dicatione
423 1044 551 1087 templi
564 1055 671 1078 rema
685 1056 723 1079 se
739 1045 786 1078 ad
798 1056 912 1090 popu-

223 1088 299 1121 lum
311 1088 417 1122 reicit
428 1089 460 1132 2,
475 1089 531 1131 27,
545 1090 567 1123 5
597 1089 741 1134 legatos
756 1091 913 1124 hostium

222 1133 329 1167 reicit
342 1134 373 1177 7,
388 1134 444 1177 20,
459 1134 479 1167 3
493 1134 541 1168 cf.
553 1135 608 1178 27,
624 1136 655 1178 8,
672 1135 693 1168 3
723 1136 842 1170 iurato
858 1147 912 1170 36-

223 1178 327 1212 natui
342 1189 364 1212 a
376 1179 514 1223 populo
528 1180 716 1214 decretum
734 1180 912 1224 permitti-

223 1228 282 1257 tur
294 1224 349 1267 26,
365 1225 418 1267 33,
436 1225 496 1267 14,
517 1225 572 1268 30,
587 1226 643 1268 40,
660 1226 702 1259 12
729 1226 864 1261 SCtum
878 1230 913 1260 et

223 1269 423 1304 auctoritas
432 1270 802 1315 sibiopposita4,57,5
817 1271 913 1306 SCta

222 1314 260 1347 in
280 1315 409 1349 aedem
423 1314 565 1350 Cereris
586 1316 634 1350 ad
654 1316 794 1351 aediles
814 1316 912 1351 defe-

222 1360 339 1394 renda
357 1360 395 1403 3,
416 1361 471 1403 55,
493 1362 536 1394 13
573 1361 621 1394 ad
645 1362 827 1396 aerarium
852 1362 912 1396 de-

224 1405 301 1439 lata
318 1405 373 1448 39,
390 1405 423 1448 4,
444 1406 466 1439 8
502 1417 546 1440 ex
571 1405 666 1441 SCto
693 1407 912 1451 supplicatio

223 1450 255 1493 3,
278 1450 308 1493 7,
331 1451 368 1493 7,
394 1452 425 1494 5,
447 1450 538 1493 23,3
587 1462 630 1485 ex
657 1451 752 1486 SCto
785 1463 912 1486 consu-

223 1495 298 1528 lum
317 1496 462 1530 nomine
481 1496 513 1539 3,
535 1496 589 1539 63,
605 1497 626 1529 5
657 1508 700 1530 ex
720 1496 816 1531 SCto
836 1497 912 1530 ludi

222 1540 312 1574 facti
332 1540 364 1583 4,
387 1541 440 1581 12,
461 1541 482 1573 2
519 1541 756 1585 Apollinares
781 1542 836 1584 25,
859 1544 910 1583 12,

225 1586 267 1618 12
302 1584 387 1618 libri
418 1584 590 1630 Sibyllini
621 1587 712 1620 aditi
741 1587 779 1630 5,
806 1587 865 1630 13,
893 1588 914 1621 5

225 1630 292 1664 80.
320 1630 365 1664 (16
396 1631 498 1664 novis
530 1631 771 1677 religionibus
797 1633 852 1673 25,
881 1633 912 1675 1,

224 1676 267 1708 11
299 1675 344 1709 de
362 1675 540 1720 prodigiis
558 1676 614 1720 45,
636 1677 688 1719 16,
710 1678 731 1710 5
762 1677 806 1711 (16
820 1677 911 1711 Bac-

224 1720 441 1754 chanalibus
449 1721 503 1761 39,
516 1722 568 1763 14,
579 1722 600 1754 5
625 1732 668 1755 ex
682 1721 777 1756 SCto
792 1722 913 1766 hospi-

223 1767 315 1799 tium
341 1765 480 1799 factum
499 1766 531 1808 5,
547 1766 602 1809 28,
618 1767 639 1800 5
674 1778 747 1811 pax
772 1767 861 1801 data
880 1768 912 1803 2,

223 1811 268 1844 25
292 1810 328 1843 111
341 1810 476 1845 80111111
488 1811 696 1845 referuntur
709 1812 872 1846 indutiae
883 1813 914 1854 7,

224 1856 279 1898 20,
295 1857 315 1889 8
341 1867 384 1889 ex
399 1854 494 1889 SCto
508 1857 708 1900 populique
724 1857 823 1890 iussu
838 1857 913 1891 bel-

225 1900 300 1933 lum
320 1900 498 1934 indictum
513 1902 544 1942 6,
562 1901 615 1945 22,
632 1902 653 1935 4
678 1902 723 1936 (16
743 1902 840 1936 bello
861 1902 914 1935 in-

225 1946 380 1980 dicendo
417 1946 557 1979 consuli
591 1946 751 1991 solebat,
800 1947 914 1991 prius-

225 2002 335 2035 quam
351 1991 397 2024 ad
416 1991 593 2035 populum
612 1992 769 2026 ferretur
787 1993 843 2033 45,
859 1993 913 2035 21,

225 2037 247 2069 5
284 2048 327 2070 cx
347 2035 442 2070 SCto
463 2036 659 2070 Corinthus
680 2038 803 2072 diruta
816 2038 857 2071 P.
872 2039 915 2072 52

227 2080 324 2115 scta
336 2092 403 2126 pro
417 2082 523 2116 sociis
538 2082 639 2117 facta
657 2083 712 2125 43,
728 2083 761 2126 2,
778 2084 838 2127 12,
858 2084 913 2126 43,

225 2127 257 2170 4,
281 2128 340 2170 11,
365 2127 420 2170 43,
443 2128 496 2171 17,
512 2128 533 2160 2
569 2139 613 2162 ex
639 2127 733 2162 SCto
761 2129 916 2163 dilectus

226 2171 383 2206 habetur
395 2172 427 2214 4,
443 2173 498 2216 55,
513 2174 534 2206 2
565 2184 659 2207 novo
674 2174 838 2218 exemplo
852 2175 914 2208 ha-

226 2217 333 2251 betur
345 2218 400 2261 25,
415 2218 448 2262 5,
463 2219 484 2252 6
521 2218 675 2253 liberam
694 2223 915 2263 potestatem

227 2263 437 2296 consulibus
478 2263 570 2298 facit
611 2265 789 2298 exercitus
832 2276 915 2309 sup-

227 2308 353 2351 piendi
366 2309 421 2351 27,
437 2309 492 2352 38,
508 2310 528 2343 9
561 2308 628 2343 80.
650 2314 691 2343 ut
711 2321 836 2344 omnes
857 2321 914 2344 ex-

227 2354 360 2387 ercitus
374 2354 604 2389 dimittantur
612 2355 706 2389 P.84
720 2355 765 2389 dc
778 2356 915 2400 praeda

228 2398 375 2433 Veienti
388 2400 419 2442 5,
429 2400 485 2443 20,
495 2401 538 2434 10
563 2400 608 2435 (16
622 2401 799 2435 militibus
812 2401 915 2445 igna-

228 2444 279 2477 vis
294 2444 331 2477 in
346 2444 508 2479 Siciliam
521 2446 732 2491 relegandis
744 2447 799 2485 23,
809 2447 864 2489 25,
876 2447 915 2489 7,

227 2489 282 2531 24,
300 2491 352 2533 18,
369 2492 389 2523 9
416 2490 459 2524 (16
480 2491 627 2525 tribuno
642 2492 714 2525 mil.
730 2491 766 2525 in
780 2491 914 2535 Hispa—

229 2534 327 2568 niam
340 2535 539 2580 relegando
553 2537 608 2579 40,
624 2538 679 2579 41,
696 2538 739 2571 10
762 2548 805 2571 ex
820 2536 915 2571 SCto

783 149 905 174 INDEX
928 149 1074 175 RERVM.

961 233 1135 278 umphum
1155 237 1269 278 negat
1287 234 1319 276 3,
1342 234 1396 277 63,
1411 234 1432 268 8
1469 234 1547 269 31116
1573 235 1650 270 61113

961 279 1177 313 auctoritate
1192 279 1319 323 populi
1334 279 1433 313 iussu
1445 280 1651 324 triumphus

960 324 1007 357 ib.
1036 325 1077 358 11
1104 324 1150 357 cf.
1178 323 1399 368 triumphus3
1436 324 1576 359 iudicat
1605 325 1651 360 de

960 369 1217 403 continuandis
1231 381 1290 402 ina
1321 369 1507 403 istratibus
1522 370 1652 414 3,21,2

961 414 1028 448 80.
1044 415 1088 449 (16
1103 381 1337 459 proroganffo
1352 415 1503 459 imperio
1516 415 1549 458 9,
1564 415 1652 457 42,2

961 459 1006 493 (16
1033 460 1217 493 consulari
1243 460 1469 503 proconsulis
1499 459 1652 504 imperio

960 504 1014 548 26,
1036 506 1128 546 9,10
1164 505 1303 537 iuratus
1329 509 1478 539 senatus
1504 505 1548 539 de
1570 516 1652 550 pro-

960 550 1087 583 vinciis
1108 549 1273 583 decernit
1290 550 1346 593 30,
1366 550 1422 592 40,
1439 550 1481 583 12
1519 549 1587 584 80.
1606 550 1652 585 (16

962 595 1106 628 colonia
1120 595 1338 629 deducenda
1352 595 1385 638 4,
1401 596 1455 638 11,
1471 595 1509 638 3,
1524 596 1557 638 4,
1566 595 1653 638 47,6

962 640 1007 674 (16
1022 640 1215 674 duodecim
1229 640 1381 674 coloniis
1391 640 1547 683 Latinis,
1557 651 1653 684 quae

962 684 1131 719 militiam
1151 685 1448 720 detrectaverant
1460 686 1515 729 29,
1532 686 1574 719 15
1611 697 1654 719 ex

963 729 1058 764 SCto
1079 730 1236 764 dictator
1257 730 1376 764 dictus
1393 731 1426 773 4,
1441 731 1497 774 46,
1514 731 1573 773 10,
1595 730 1651 774 23,

961 775 1016 818 22,
1034 776 1074 809 11
1115 775 1182 809 80.
1198 775 1242 810 (16
1268 776 1447 810 dictatore
1473 787 1517 810 ex
1536 775 1652 820 plebi-

961 821 1052 853 scito
1067 820 1222 854 (116611ᾶο
1230 821 1285 864 27,
1295 821 1327 862 5,
1339 821 1381 854 16
1408 821 1453 855 (16
1467 820 1653 866 interrege

962 866 1120 899 creando
1134 866 1166 908 5,
1184 866 1238 909 17,
1252 866 1274 899 4
1305 866 1349 900 (16
1365 865 1520 899 601161110
1534 866 1653 910 plebis

961 911 996 944 vi
1015 910 1162 944 turbato
1175 910 1230 953 25,
1244 910 1277 951 4,
1294 910 1313 943 7
1352 910 1520 945 viderent
1537 910 1653 956 magi-

962 959 1108 998 stratus,
1129 966 1175 989 ne
1190 955 1278 999 quid
1300 955 1510 989 detrimenti
1528 966 1653 1000 respu-

962 1001 1061 1034 blica
1074 1004 1235 1044 caperet,
1256 1000 1376 1034 forma
1394 1000 1546 1035 ultimae
1563 1011 1654 1035 sem-

962 1057 1028 1090 per
1041 1045 1272 1080 necessitatis
1291 1045 1323 1089 3,
1340 1046 1373 1088 4,
1389 1046 1427 1089 9,
1447 1046 1478 1090 6,
1496 1046 1550 1089 19,
1565 1046 1587 1080 3
1611 1057 1656 1080 ex

963 1091 1059 1126 SCto
1084 1091 1243 1135 populus
1268 1101 1291 1125 a
1309 1091 1459 1125 consule
1479 1091 1526 1125 ad
1553 1102 1655 1125 arma

961 1140 1113 1170 vocatur
1125 1136 1168 1169 P.
1183 1137 1225 1170 61
1263 1136 1446 1170 aedilibus
1463 1136 1655 1182 negotium

963 1182 1027 1215 dat
1039 1185 1080 1215 ut
1098 1180 1303 1215 maestitiae
1318 1181 1480 1225 speciem
1498 1184 1544 1216 ab
1563 1181 1654 1216 urbe

962 1230 1174 1261 removeant
1187 1226 1242 1270 23,
1257 1226 1313 1270 25,
1328 1228 1349 1260 2
1376 1226 1456 1270 SC.,
1476 1238 1523 1261 ne
1537 1226 1596 1261 cui
1609 1226 1654 1260 de

962 1272 1103 1305 Manlia
1123 1276 1234 1317 gente
1253 1271 1380 1306 Marco
1404 1283 1537 1307 nomen
1557 1275 1655 1307 esset

962 1317 1003 1351 P.
1014 1318 1034 1351 6
1048 1316 1228 1362 (Manliae
1242 1318 1361 1362 gentis
1376 1317 1563 1352 decretum
1575 1321 1655 1351 erat

962 1364 994 1405 6,
1009 1362 1064 1405 20,
1082 1363 1139 1407 14)
1174 1366 1322 1397 senatus
1342 1362 1536 1397 duodecim
1556 1361 1652 1396 cives

962 1408 1086 1441 hostes
1100 1407 1240 1442 iudicat
1248 1408 1290 1441 P.
1302 1408 1342 1441 77
1357 1407 1544 1442 civitatem
1552 1407 1653 1441 Itali-

962 1452 1013 1487 cis
1033 1453 1098 1486 dat
1117 1453 1158 1486 P.
1173 1454 1217 1486 80
1241 1453 1345 1486 novis
1365 1452 1504 1486 civibus
1525 1451 1652 1485 suffra-

963 1497 1063 1542 gium
1084 1497 1148 1531 dat
1167 1497 1208 1531 P.
1224 1497 1270 1531 84
1299 1497 1517 1542 Pompeium
1536 1497 1653 1530 solum

962 1547 1000 1576 et
1013 1542 1203 1576 absentem
1218 1542 1406 1576 consulem
1419 1546 1520 1577 creat
1532 1542 1575 1575 P.
1587 1542 1651 1575 107

963 1587 1128 1621 decernit
1142 1587 1291 1621 Caesari
1312 1588 1482 1632 ingentes
1497 1587 1652 1621 honores

961 1632 1004 1666 P.
1020 1633 1086 1666 116
1111 1632 1332 1666 oblivionem
1346 1632 1471 1666 caedis
1485 1632 1652 1667 Caesaris

962 1677 1050 1711 ibid.
1076 1688 1190 1721 penes
1217 1688 1299 1712 eum
1319 1681 1355 1711 et
1374 1677 1515 1722 equites
1533 1681 1575 1711 ut
1598 1677 1651 1710 iu-

963 1722 1061 1756 dicia
1081 1733 1201 1766 aequa
1219 1726 1324 1766 parte
1345 1726 1468 1756 essent
1485 1722 1544 1757 lex
1561 1721 1653 1755 iudi-

963 1767 1077 1801 ciaria
1089 1767 1131 1800 P.
1147 1768 1188 1801 71
1208 1767 1254 1801 cf.
1270 1767 1311 1800 F.
1328 1768 1393 1800 141
1426 1771 1575 1801 senatus
1593 1777 1653 1802 ve-

964 1817 1056 1846 stem
1075 1816 1193 1846 mutat
1211 1812 1249 1846 in
1268 1812 1371 1846 luctu
1390 1812 1432 1846 P.
1448 1813 1514 1846 105
1546 1816 1654 1847 cenat

963 1857 1000 1891 in
1015 1857 1198 1901 Capitolio
1218 1858 1273 1901 38,
1289 1858 1343 1900 57,
1359 1858 1381 1891 5
1411 1861 1560 1892 senatus
1581 1857 1654 1892 Ve-

963 1903 1116 1937 liternus
1131 1914 1174 1937 ex
1186 1903 1307 1947 patria
1321 1902 1501 1936 abductus
1514 1903 1547 1946 8,
1563 1903 1617 1945 14,
1633 1903 1655 1936 5

964 1951 1113 1982 senatus
1151 1947 1468 1993 Carthaginiensis
1503 1949 1565 1992 21,
1593 1949 1654 1992 11,

963 1994 1018 2037 30,
1035 1994 1065 2036 7,
1080 1994 1112 2027 5.

943 2039 1114 2074 Senensis
1130 2050 1151 2073 a
1166 2039 1258 2073 mari
1278 2049 1409 2083 supero
1422 2038 1581 2084 populus
1593 2049 1654 2073 va-

964 2084 1147 2118 cationem
1160 2088 1269 2129 rogat
1282 2085 1337 2127 27,
1353 2084 1408 2127 38,
1422 2085 1455 2117 4.

943 2129 1058 2164 Senes
1089 2130 1330 2174 triumphales
1368 2129 1653 2173 consularesque

963 2175 1053 2209 urbe
1069 2186 1090 2208 a
1105 2174 1223 2209 Gallis
1243 2178 1353 2220 capta
1371 2178 1524 2209 mortem
1543 2185 1651 2219 expe-

963 2224 1045 2299 gnlnt
1063 2220 1096 2264 5,
1111 2220 1165 2264 39,
1182 2220 1225 2254 13
1238 2220 1280 2254 Ρ.
1319 2220 1524 2254 caeduntur
1542 2220 1575 2264 5,
1595 2220 1652 2263 41,

942 2310 1111 2345 Seniores
1136 2313 1283 2355 patrum
1306 2311 1338 2353 3,
1360 2311 1414 2353 11,
1435 2310 1458 2344 4
1492 2309 1654 2345 seniores

964 2356 1011 2390 ad
1024 2355 1125 2389 urbis
1145 2356 1348 2390 custodiam
1362 2355 1496 2390 delecti
1515 2356 1546 2399 5,
1563 2356 1617 2398 10,
1632 2355 1655 2389 4

964 2401 1146 2435 seniorum
1159 2401 1326 2435 cohortes
1346 2401 1468 2435 factae
1487 2400 1523 2434 in
1537 2401 1654 2434 omnis

963 2447 1110 2492 generis
1135 2446 1272 2481 dilectu
1294 2447 1347 2490 10,
1367 2446 1423 2489 21,
1443 2446 1466 2479 4
1500 2446 1654 2491 triginta

964 2492 1147 2526 seniorum
1165 2491 1351 2536 principes
1370 2491 1532 2525 sanctius
1555 2491 1654 2536 apud

966 2537 1110 2572 Poenos
1125 2537 1317 2571 consilium
1329 2537 1384 2580 30,
1402 2537 1456 2579 16,
1472 2536 1504 2569 3.

229 2579 493 2622 triumphatum
517 2583 554 2624 9,
581 2583 642 2624 40,
671 2584 713 2616 15
750 2594 793 2616 ex
819 2581 914 2617 8010
942 2582 1104 2617 Senones
1125 2582 1312 2616 Celtarum
1332 2593 1423 2627 gens
1442 2582 1474 2625 5,
1490 2581 1545 2624 34,
1560 2581 1582 2615 5
1606 2580 1652 2614 ab

230 2624 401 2668 iussuque
421 2627 590 2672 populi4,
606 2630 650 2661 20
686 2632 834 2662 senatus
853 2628 913 2662 tri·
962 2628 1097 2663 Vtente
1108 2638 1220 2672 usque
1230 2625 1653 2662 adAesimfineshabent
