1804 2926
561 210 607 245 Τ.
631 209 740 245 LIVI
763 208 1095 245 FRAGMENTA.
1429 201 1512 243 ‘235

155 309 221 348 set,
248 306 418 348 expertus
435 301 677 347 fragilitatem
694 301 893 334 humanam
913 300 985 335 cito
1005 301 1053 335 ad
1076 301 1254 345 proclivia
1271 301 1431 337 labendo
1451 303 1513 336 de-

154 349 282 394 mergi,
297 352 338 382 ut
351 348 476 382 Livius
491 348 553 391 ait,
582 346 691 380 ‘nihil
709 350 785 380 tam
805 349 971 380 sanctum
984 346 1164 392 religione
1182 351 1331 392 tamque
1345 347 1514 382 custodia

154 395 318 428 clausum
350 404 420 437 quo
456 395 651 437 penetrare
684 391 798 425 libido
830 392 1026 436 nequeat’,
1064 393 1318 438 evangelicum
1354 393 1513 438 clipeum

151 443 282 475 tenens
306 439 413 473 laeva
437 449 633 482 ensemque
658 437 856 482 ancipitem
886 439 1007 472 ferens
1027 437 1155 472 dextra
1179 442 1307 473 contra
1335 439 1513 473 immanes

151 485 311 518 hostium
325 495 460 519 cuneos
473 484 595 527 coepit
610 494 778 528 pergere,
804 494 851 518 ne
871 483 1047 518 frustrato
1066 484 1205 529 labore,
1233 495 1303 529 quo
1322 484 1512 529 potissimo

151 529 302 575 ingenio
322 530 520 564 sudaverat
537 531 575 562 in
594 529 848 574 grammatica,
873 529 1068 573 rhetorica,
1095 530 1298 575 geometria
1316 534 1353 565 et
1372 529 1512 563 divina-

150 586 231 608 rum
249 575 511 619 scripturarum
530 574 640 616 serie,
669 574 807 608 saeculi
825 574 1009 609 illecebris
1028 580 1281 620 occuparetur.
1328 577 1438 610 Ionae
1455 576 1510 609 vit.

151 623 188 654 S.
208 621 410 655 Columbam·
420 631 448 653 c.
463 619 502 653 Π
516 631 591 664 opp.
605 620 722 653 Becloe
735 621 784 653 ecl.
802 621 920 654 Colon.
935 620 994 654 III
1007 620 1075 655 200
1087 632 1135 666 sq.

219 755 279 801 64)
371 755 504 789 scimus
524 765 735 789 concessum
756 766 836 790 esse
856 755 1118 801 scribentibus,
1145 760 1185 790 ut
1209 755 1404 791 iteratione
1428 766 1511 800 pro-

151 800 260 835 oemii
284 800 486 846 legentium
508 799 678 835 reficiant
701 800 884 835 interdum
910 801 1086 836 laborem.
1134 813 1220 836 nam
1240 805 1277 836 et
1294 800 1422 835 Livius
1440 801 1511 835 fre-

152 849 307 890 quenter
329 849 480 880 innovat
502 846 697 890 principia,
723 849 765 879 ut
789 846 940 880 incensa
960 858 981 880 a
1001 846 1120 881 Gallis
1144 847 1235 882 urbe
1261 850 1298 882 et
1322 846 1513 890 completis

152 891 376 925 consulibus.
424 893 519 925 Serv.
536 893 581 925 ad
600 892 697 934 Verq.
710 903 825 935 (seor-9.
842 892 900 926 III
913 893 945 926 1.

219 936 278 981 65)
306 962 313 969 .
330 962 338 970 .
354 963 361 970 .
388 940 425 971 et
437 936 565 969 Livius
584 936 622 969 in
641 935 913 981 significatione
928 937 1021 971 scuti
1040 937 1257 972 neutraliter
1275 937 1422 982 saepius
1436 937 1511 982 (cli-

147 993 249 1027 peum
263 983 346 1015 dizit
357 982 421 1026 sc.)
438 982 570 1015 Charis.
585 982 662 1015 inst.
675 993 820 1025 yramm.
836 982 854 1016 1
865 995 900 1027 p.
915 983 958 1017 59
972 985 1012 1017 P.
1029 983 1082 1026 77,
1099 983 1141 1017 17
1154 983 1199 1017 K.

220 1027 279 1072 66)
305 1026 420 1061 Callis
506 1026 681 1061 feminino
702 1025 829 1061 Livius
849 1028 913 1062 lib.
933 1039 1018 1062 xxn
1036 1028 1115 1078 (14,
1136 1028 1173 1074 8)
1194 1054 1201 1062 .
1218 1054 1226 1062 .
1252 1027 1349 1062 idem
1370 1027 1421 1061 sic
1440 1027 1511 1062 frc-

153 1075 316 1116 quenter.
367 1072 463 1106 Non.
477 1073 593 1106 illm-c.
606 1084 641 1116 p.
657 1072 733 1115 197,
749 1073 792 1107 19
806 1074 916 1107 Alere.

219 1117 278 1161 67)
305 1117 547 1151 ‘Asxarcesvzs’
567 1122 626 1150 καὶ
653 1113 959 1160 ιπεντεκαίὸέκα]
976 1128 1044 1151 nos
1064 1121 1193 1152 eontra
1212 1117 1457 1162 ‘quindecim’
1477 1121 1514 1151 et

152 1163 298 1197 ‘decem
329 1165 367 1197 et
395 1155 582 1206 quinque.’
637 1162 766 1196 Livius
795 1167 921 1198 tamen
951 1163 1162 1207 frequenter
1186 1163 1298 1198 etiam
1322 1163 1402 1197 sine
1427 1173 1512 1197 con—

150 1207 337 1242 iunctione
364 1208 668 1252 ‘septemdecem’
694 1211 732 1242 et
763 1208 1072 1253 ‘deeemseptemss
1126 1209 1238 1243 Prisc.
1263 1211 1341 1242 inst.
1365 1219 1511 1252 (st-amm.

150 1252 284 1288 XVIII
298 1254 328 1295 ξ.
343 1252 408 1286 172
420 1264 454 1296 p.
469 1253 559 1286 1170
571 1254 611 1286 Ρ.

217 1298 277 1343 68)
302 1297 429 1331 Livius
458 1297 512 1332 fre
541 1301 672 1331 uenter
703 1297 755 1331 ‘in
787 1297 936 1332 milites’
968 1309 1033 1342 pro
1073 1298 1128 1332 ‘in
1158 1298 1323 1344 singulos
1355 1297 1512 1332 milites*

151 1345 260 1379 Prisc.
276 1345 353 1376 inst.
366 1355 512 1387 yramm.
567 1342 661 1376 VIII
675 1344 705 1384 ξ.
719 1343 832 1386 2311).
849 1343 936 1377 1188
950 1345 989 1377 P.

217 1388 275 1432 69)
302 1414 309 1421 .
322 1413 346 1421 ..
367 1388 465 1421 unde
485 1391 522 1422 et
542 1387 729 1421 ‘assertio’
755 1392 831 1422 tam
845 1399 867 1422 a
886 1388 1060 1423 servitute
1079 1388 1117 1422 in
1137 1388 1347 1423 libertatem
1367 1399 1475 1432 quam
1491 1400 1512 1422 a

148 1433 321 1467 libertate
334 1432 372 1466 in
386 1432 596 1467 servitutem
610 1432 705 1466 trahi
725 1432 922 1478 significat,
950 1434 1048 1477 quod
1062 1434 1162 1477 apud
1174 1433 1319 1467 Livium
1338 1433 1376 1467 in
1388 1434 1512 1467 multis

148 1478 306 1522 legimus
319 1477 420 1511 locis,
468 1478 580 1511 Prisc.
596 1479 672 1510 inst.
685 1489 831 1521 mamm.
845 1478 981 1513 XVIII
996 1480 1025 1521 ξ.
1041 1478 1108 1512 292
1116 1490 1153 1522 p.
1169 1478 1258 1512 1208
1270 1480 1312 1512 P.

216 1523 275 1600 70)
300 1522 404 1556 Haec
424 1522 484 1566 (sc.
505 1523 646 1555 nomina
662 1522 798 1565 formae
817 1529 961 1568 quartae
988 1536 1061 1567 (sen.
1081 1525 1207 1569 neutr.)
1234 1523 1375 1567 antiqui
1401 1523 1512 1557 etiam

147 1567 256 1613 singu
273 1567 326 1601 ari
342 1578 491 1601 numero
505 1567 599 1601 sicut
612 1567 817 1601 masculina
830 1571 867 1602 et
878 1567 1057 1603 feminina
1071 1568 1322 1611 declinabant,
1348 1568 1511 1602 dicentes

150 1613 273 1646 ‘huius
287 1612 419 1658 gcnus⁷
435 1616 471 1647 et
492 1612 616 1646 ‘huius
629 1613 776 1646 cornus'
792 1616 829 1647 et
844 1613 945 1647 ‘huic
960 1614 1099 1659 genui',
1117 1613 1220 1647 ‘huic
1235 1613 1388 1647 cornui’.
1413 1613 1511 1648 unde

148 1661 186 1692 et
197 1657 370 1691 Lucanus
387 1684 394 1691 .
409 1684 416 1691 .
433 1684 440 1691 .
462 1661 500 1692 et
512 1657 639 1691 Livius
660 1657 796 1702 ubique
814 1658 853 1692 in
866 1658 1037 1702 historia3
1062 1659 1260 1704 posteritas
1279 1658 1374 1693 inter
1387 1669 1510 1693 mono-

148 1703 235 1737 clita
248 1703 382 1748 posuit.
429 1704 528 1737 Auct.
543 1704 608 1737 inc.
624 1704 663 1737 de
676 1715 765 1737 nom.
777 1710 970 1746 elprononz.
984 1704 1028 1739 47
1038 1717 1074 1750 p.
1090 1705 1155 1739 139
1167 1704 1447 1747 Ec'chenfi-Endl.

485 1865 729 1893 FRAGMENTA
751 1866 876 1894 nvem
913 1859 976 1903 ref.
988 1856 1035 1900 fr.
1051 1857 1082 1891 8.
1099 1857 1170 1902 16).

152 1973 184 2006 Ρ
204 1926 276 2006 3711)
297 1926 444 2005 9)ηὲἔίῒο
461 1954 467 1961 .
482 1927 610 1962 Livius
622 1930 646 1972 †
658 1928 696 1962 in
710 1929 822 1963 attico
837 1929 948 1974 quirit
966 1941 980 1951 ⁴
997 1931 1113 1964 Diom.
1128 1941 1193 1964 arl.
1206 1941 1352 1974 yrcznzm.
1367 1929 1386 1963 Ι
1393 1941 1429 1973 p.
1444 1929 1511 1963 376

183 2000 190 2007 .
227 1975 248 2005 ὅ
275 1982 340 2015 ,as
393 1999 400 2006 .

219 2018 276 2062 72)
303 2017 470 2061 Semper,
498 2017 643 2062 generis
666 2018 877 2062 masculini,
904 2019 998 2053 sicut
1023 2019 1156 2062 culter,
1183 2023 1224 2054 ut
1244 2019 1351 2053 Titus
1369 2018 1507 2062 Livius,

151 2062 316 2106 quamvis
336 2062 484 2106 quidam
504 2063 688 2107 scalprum
712 2063 836 2097 dicant
859 2064 924 2108 (sic
950 2066 1028 2098 adn.
1049 2065 1204 2108 Hauptz'o
1223 2067 1261 2098 T.
1282 2066 1357 2098 Lz'v.
1377 2076 1408 2097 (ι.
1430 2076 1460 2097 ιι.
1481 2076 1509 2097 c.

150 2107 302 2142 XXVII
314 2108 374 2152 49)
387 2109 487 2141 Auct.
512 2108 577 2141 inc.
593 2109 632 2142 (Ie
645 2120 722 2152 qen.
739 2120 829 2142 nom.
841 2120 878 2153 p.
894 2109 958 2142 101
974 2110 1102 2153 Haupt.
1118 2110 1169 2154 (in
1182 2111 1231 2143 ed.
1250 2110 1344 2144 Ouid.
1359 2110 1509 2143 Halieut.

151 2153 247 2197 etc.);
268 2164 304 2196 p.
321 2153 362 2186 55
376 2164 464 2185 num.
482 2154 547 2188 326
563 2155 651 2190 Otto,

219 2198 277 2242 73)
301 2197 445 2242 Vepres
458 2198 604 2244 generis
617 2196 794 2241 feminini,
810 2201 850 2232 ut
864 2197 971 2232 Titus
984 2198 1111 2232 Livius
1125 2210 1133 2232 ε
1151 2198 1229 2233 ‘has
1242 2199 1394 2243 vepres’.
1409 2200 1509 2232 Auct.

150 2243 215 2276 inc.
236 2244 276 2276 de
292 2254 368 2286 qen.
389 2255 478 2276 nom.
499 2254 533 2286 p.
549 2242 616 2276 102
637 2244 765 2286 Haupt.
782 2254 818 2287 p.
834 2243 877 2277 57
896 2255 988 2277 num.
1004 2244 1071 2277 348
1091 2245 1190 2285 Ott0;
1216 2246 1282 2277 tria
1306 2245 1387 2278 haec
1411 2244 1510 2288 fraq—

150 2293 263 2321 menta
276 2287 441 2332 (To—72)
455 2294 484 2320 et
497 2287 543 2330 fr.
558 2288 579 2321 8
592 2288 618 2330 f.
633 2289 678 2321 acl
689 2289 823 2321 Liuiam
835 2290 1069 2322 Andronicum
1077 2290 1260 2332 pertinent.

221 2332 278 2376 74)
302 2332 501 2376 Pompeius
521 2332 681 2376 quinque
702 2332 806 2366 annis
823 2332 894 2367 fuit
918 2333 1128 2378 praefectus
1155 2344 1336 2378 annonae,
1363 2337 1400 2368 et
1417 2333 1510 2367 illud

152 2376 314 2411 officium
333 2377 523 2421 usurpavit
542 2377 822 2421 superveniente
841 2378 939 2413 fame
958 2390 1027 2413 nec
1042 2382 1121 2413 erat
1139 2379 1223 2422 vile,
1250 2390 1332 2413 cum
1346 2379 1447 2413 dicat
1464 2379 1509 2413 lv'

152 2423 216 2467 (sic
240 2424 335 2463 cocl.;
358 2421 484 2455 Livius
502 2423 541 2456 F.
559 2423 601 2456 G.
619 2423 713 2464 Otto,
727 2422 905 2457 Boethius
922 2425 957 2458 C.
973 2425 1014 2458 E.
1033 2426 1069 2458 C.
1084 2425 1269 2458 Schneider
1292 2437 1321 2458 v.
1335 2425 1452 2458 Boeth.
1471 2426 1511 2458 do

152 2469 279 2500 consol.
290 2468 372 2511 phil.
386 2467 445 2500 III
458 2467 524 2511 412-
537 2467 594 2510 48,
608 2468 651 2502 16
667 2469 766 2514 Obb.)
794 2468 842 2502 ‘si
862 2469 941 2513 quis
957 2470 1142 2513 quondam
1162 2480 1345 2504 annonam
1363 2469 1401 2503 in
1418 2469 1509 2503 urbe

151 2512 368 2556 factitasset,
393 2524 549 2558 magnus
561 2513 803 2548 habebatur’:
828 2525 898 2548 nec
916 2514 1107 2558 immerito,
1135 2514 1221 2559 quia
1233 2514 1351 2549 Roma
1362 2514 1511 2549 volebat

152 2557 249 2607 omni
263 2557 322 2591 die
342 2559 531 2603 octoginta
549 2558 652 2592 milia
669 2559 872 2594 modiorum
893 2570 1079 2603 annonae3
1105 2564 1141 2594 et
1161 2561 1212 2594 sic
1225 2572 1291 2604 per
1302 2560 1373 2594 hoc
1387 2559 1509 2606 acqui-

152 2602 236 2635 srvit
248 2602 318 2637 sibi
330 2602 464 2637 multos
477 2603 639 2639 clientes.
677 2605 790 2639 Schol.
812 2605 950 2640 Vrotz‘sl.
969 2606 1002 2640 C.
1018 2607 1156 2639 Lucana·
1166 2607 1289 2640 Plzors.
1303 2605 1323 2639 I
1334 2605 1413 2640 319.
