1804 2926
486 134 637 168 LIBER
663 131 909 174 XXXXIIH,
937 132 969 165 6.
989 132 1019 165 7.
1047 130 1246 172 [11016111
1462 122 1540 160 115

194 249 234 282 01
259 239 433 281 altitudo
459 251 532 291 per
556 236 738 276 mediam
762 235 914 275 vallem
939 233 1104 274 fluentis
1128 233 1260 274 Penei
1286 233 1431 273 amnis.
1474 232 1541 273 hic

193 303 306 342 locus
338 308 423 340 tam
454 306 601 352 suapte
631 304 779 338 natura
808 296 985 337 infestus
1015 310 1090 349 per
1119 302 1317 348 quattuor
1348 294 1543 335 distantia

192 365 283 404 loca
305 361 524 416 praesidiis
548 362 659 414 regis
684 359 765 399 fuit
788 358 986 399 insessus.
1046 372 1177 397 unum
1200 357 1243 397 in
1267 357 1400 411 primo
1426 356 1542 397 aditu

191 425 245 465 ad
270 423 471 465 Gonnum
497 430 603 471 erat,
635 421 811 462 alterum
837 419 919 475 [in]
948 418 1140 474 Condylo
1167 420 1335 460 castello
1366 420 1541 473 inexpu-

148 488 151 490 ’
190 485 361 540 gnabili,
388 485 556 526 tertium
583 484 693 524 circa
717 483 1003 537 Lapathunta,
1029 496 1155 535 quem
1182 480 1374 522 Characa
1398 481 1542 535 appel-

190 548 294 595 lant,
332 555 528 600 quartum
564 545 657 586 viae
687 544 786 599 ipsi,
823 558 907 598 qua
938 553 978 585 et
1008 544 1146 584 media
1176 551 1216 585 et
1247 543 1543 597 angustissima

190 609 308 649 vallis
328 616 403 657 est,
428 607 683 662 impositum,
709 621 836 660 quam
857 607 923 647 vel
943 606 1086 647 decem
1106 605 1274 646 armatis
1295 605 1400 646 tueri
1420 605 1542 645 facile

191 678 265 712 est.
303 670 528 711 intercluso
548 684 623 724 per
636 669 797 723 Tempe
812 669 934 709 simul
954 669 1070 709 aditu
1084 667 1397 714 commeatibus,
1419 666 1542 707 simul

188 732 325 773 reditu
343 732 459 786 ipsis,
473 741 635 773 montes
654 747 728 786 per
743 746 847 785 quos
862 731 1162 771 descenderant
1176 729 1390 784 repetendi
1409 737 1538 770 erant.

189 795 314 847 quod,
340 804 386 835 ut
410 794 522 834 furto
547 794 795 842 fefellerant,
820 794 878 834 ita
902 794 1130 848 propalam,
1157 792 1393 834 tenentibus
1420 806 1542 846 supe-

188 857 298 897 riora
318 857 535 898 cacumina
555 856 744 897 hostibus
764 871 849 896 non
872 864 1063 910 poterant
1075 872 1084 904 ;
1112 863 1151 896 01
1172 864 1343 909 experta
1363 854 1542 895 difficul-

188 928 251 959 tas
278 933 394 972 spem
420 933 586 959 omnem
618 917 844 958 incidisset.
906 925 1121 972 supererat
1147 917 1246 957 nihil
1272 917 1384 957 aliud
1414 917 1457 956 in
1482 925 1542 957 te-

187 995 301 1021 mere
322 980 541 1020 commisso
557 995 683 1033 quam
702 980 745 1020 in
758 980 1055 1020 Blacedoniam
1070 980 1122 1020 ad
1136 979 1269 1019 Dium
1288 994 1362 1033 per
1382 979 1540 1020 medios

183 1041 366 1083 evadere
386 1042 534 1091 hostis3
561 1042 686 1094 quod,
712 1042 791 1082 nisi
806 1042 847 1082 di
866 1051 1048 1083 mentem
1062 1042 1151 1096 regi
1172 1042 1437 1090 ademissent,
1459 1039 1540 1096 [et]

180 1103 327 1159 ipsum
351 1098 532 1157 ingentis
558 1104 814 1144 difficultatis
841 1112 940 1144 crat.
978 1119 1076 1144 nam
1109 1118 1204 1144 cum
1231 1102 1406 1158 Olympi
1430 1103 1540 1144 radi-

184 1182 256 1208 ces
282 1166 434 1206 montis
460 1167 584 1220 paulo
611 1167 704 1220 plus
730 1180 857 1218 quam
876 1166 988 1206 mille
1012 1169 1183 1220 passum
1209 1165 1262 1205 ad
1285 1181 1399 1207 mare
1418 1166 1542 1207 relin-

183 1237 318 1282 quant
344 1228 544 1282 511111111111,
583 1228 700 1268 0111115
727 1227 943 1267 dimidium
974 1228 1054 1267 loci
1079 1235 1257 1281 occupat
1282 1228 1434 1268 ostium
1459 1227 1541 1268 late

184 1299 431 1343 restagnans
445 1289 634 1342 Baphyri
654 1289 800 1337 amnis,
823 1298 983 1342 partem
1003 1289 1200 1342 planitiae
1221 1298 1290 1329 aut
1306 1289 1418 1329 Iovis
1437 1298 1542 1330 tem-

185 1352 303 1406 plum
318 1361 386 1391 aut
403 1351 603 1404 oppidum
617 1358 741 1398 tenet,
761 1350 933 1391 relicum
956 1351 1230 1404 perexiguum
1252 1350 1365 1390 fossa
1379 1351 1542 1391 modica

189 1414 379 1466 valloque
406 1413 542 1453 claudi
568 1420 743 1467 poterat,
770 1420 808 1453 et
836 1426 1032 1452 saxorum
1051 1412 1104 1452 ad
1128 1427 1301 1452 manum
1325 1412 1542 1452 silvestris-

185 1490 267 1528 que
293 1474 490 1515 materiae
515 1483 678 1514 tantum
703 1482 809 1521 erat,
840 1482 887 1514 ut
918 1474 983 1514 vel
1014 1488 1158 1513 murus
1185 1473 1294 1514 obici
1325 1482 1542 1526 turresque

186 1536 357 1577 excitari
381 1536 604 1590 potuerint.
648 1550 826 1589 quorum
851 1535 953 1575 nihil
979 1550 1075 1576 011111
1100 1535 1348 1589 dispexisset
1373 1544 1541 1576 caecata

185 1613 303 1639 mens
336 1599 472 1639 subito
504 1607 678 1647 terrore,
714 1598 881 1639 nudatis
908 1598 1101 1638 omnibus
1131 1598 1348 1652 praesidiis
1382 1598 1542 1652 patefa-

186 1660 346 1714 ctisque
372 1660 481 1701 bello
508 1661 560 1700 ad
585 1660 781 1714 Pydnam
806 1660 974 1714 refugit.

270 1722 371 1764 VH.
411 1721 570 1763 Consul
594 1722 822 1776 plurimum
848 1731 887 1763 et
913 1722 1109 1777 praesidii
1130 1730 1167 1763 et
1193 1722 1283 1776 spei
1308 1736 1480 1763 cernens
1499 1721 1541 1762 in

186 1785 358 1826 stultitia
383 1793 423 1826 et
449 1785 626 1839 segnitia
650 1785 798 1835 hostis,
831 1785 1004 1826 remisso
1029 1785 1175 1826 nuntio
1201 1785 1254 1826 ad
1281 1784 1354 1839 Sp.
1380 1784 1542 1826 Lucre-

186 1847 290 1887 tium
303 1846 511 1895 Larisam,
537 1856 583 1887 ut
602 1848 771 1888 castella
795 1848 938 1888 relicta
958 1847 1011 1888 ab
1031 1847 1148 1888 hoste
1168 1847 1278 1888 circa
1291 1847 1452 1901 Tempe
1473 1861 1542 1887 oc-

186 1916 370 1962 cuparet,
396 1909 625 1961 praemisso
638 1909 819 1963 Popillio
840 1910 893 1950 ad
913 1909 1191 1963 explorandos
1211 1909 1410 1949 transitus
1432 1908 1542 1948 circa

185 1969 337 2017 Dium,
369 1978 591 2023 postquam
623 1979 764 2024 patere
791 1972 929 2011 omnia
953 1971 996 2011 in
1022 1971 1155 2011 omnis
1186 1979 1325 2024 partes
1351 1970 1539 2010 animad-

185 2031 326 2080 vertit,
353 2031 545 2071 secundis
571 2031 714 2072 castris
740 2032 930 2086 pervenit
954 2032 1008 2072 ad
1031 2031 1177 2080 Dium,
1202 2032 1434 2084 metarique
1459 2032 1538 2072 sub

1568 246 1585 275 9

1571 370 1610 399 10

1570 556 1607 583 11

1570 678 1608 707 12

1570 804 1609 833 13

1570 929 1609 958 14

1567 1115 1606 1144 15

1570 1363 1607 1391 16

1570 1549 1607 1577 17

1570 1736 1583 1764 l

1565 2043 1583 2071 10

185 2094 276 2148 ipso
301 2093 470 2147 templo,
496 2108 548 2134 ne
574 2093 675 2146 quid
700 2108 817 2134 sacro
842 2094 885 2134 in
909 2094 1000 2134 loco
1020 2094 1258 2142 violaretur,
1282 2093 1413 2134 iussit.
1450 2093 1539 2147 ipse
1565 2104 1584 2132 3

184 2156 333 2197 urbem
352 2155 579 2208 ingressus,
605 2155 711 2195 sicut
730 2169 813 2195 non
832 2170 1042 2210 magnam,
1062 2155 1120 2195 ita-
1139 2163 1381 2196 exornatam
1401 2155 1539 2209 publi-

184 2217 242 2258 cis
280 2217 381 2257 locis
414 2226 454 2258 et
483 2217 748 2258 multitudine
781 2225 1012 2258 statuarum
1042 2217 1331 2270 munitamque
1357 2216 1538 2271 egregie,

184 2279 254 2319 vix
282 2278 380 2318 satis
413 2279 581 2319 credere
612 2278 655 2319 in
687 2279 811 2319 tantis
842 2279 968 2320 rebus
1000 2279 1088 2319 sine
1121 2293 1247 2319 causa
1277 2278 1431 2319 relictis
1455 2292 1538 2318 non

185 2340 368 2392 aliquem
395 2340 566 2381 subesse
593 2340 747 2380 dolum.
784 2355 915 2380 unum
940 2340 1050 2381 diem
1075 2340 1129 2381 ad
1154 2339 1410 2394 exploranda
1429 2339 1538 2380 circa
1563 2353 1583 2380 4

185 2401 325 2441 onmia
351 2412 534 2442 moratus
566 2410 701 2443 eastra
729 2411 887 2452 movet3
920 2403 1103 2456 satisque
1134 2402 1307 2443 credens
1330 2402 1374 2442 in
1398 2402 1538 2442 Pieria

184 2462 384 2504 frumenti
415 2464 576 2518 copiam
607 2464 718 2513 fore,
755 2479 804 2505 eo
830 2465 896 2506 die
927 2465 980 2505 ad
1008 2480 1173 2506 amnem
1202 2465 1370 2505 nomine
1394 2464 1535 2518 Mityn

185 2525 399 2578 processit.
435 2535 602 2580 postero
628 2527 693 2568 die
718 2541 964 2581 progressus
983 2527 1172 2581 Agassas
1198 2527 1344 2567 urbem
1371 2527 1535 2567 traden-
1561 2540 1579 2568 5

186 2586 296 2626 tibus
333 2602 424 2628 sese
459 2587 560 2642 ipsis
596 2589 752 2644 recepit
788 2597 846 2637 et,
884 2596 928 2630 ut
965 2589 1220 2642 reliquorum
1250 2588 1534 2629 Macedonum

255 2652 315 2679 Livi
328 2654 381 2680 vol.
394 2653 443 2680 W.
1066 2671 1072 2675 .
1291 2654 1313 2687 8
