1804 2926
233 399 249 428 ⁶⁸!

213 1205 251 1234 10

213 1330 249 1358 11

234 1947 253 1977 3

278 147 357 189 182
547 154 701 188 LIBER
723 153 928 198 XXXXV,
954 152 1008 187 32.
1030 152 1085 187 33.
1114 154 1162 196 [a.
1178 163 1212 186 u.
1229 162 1258 187 c.
1273 152 1355 196 587]

274 257 510 300 ministeriis
536 256 676 312 regiis,
702 257 826 298 etiam
853 257 925 310 qui
949 256 990 297 in
1016 255 1295 310 legationibus
1321 255 1501 305 fuerant,
1526 256 1628 297 iussi

276 320 531 363 Macedonia
551 320 752 361 excedere
772 327 895 373 atque
916 319 959 359 in
974 319 1139 359 Italiam
1159 319 1237 368 ire3
1265 319 1337 373 qui
1360 334 1443 360 non
1468 319 1630 374 paruis-

277 392 339 425 set
370 383 564 437 imperio,
601 395 713 423 mors
745 381 1002 422 denuntiata.
1063 381 1177 435 leges
1208 381 1485 422 Macedoniae
1517 380 1632 422 dedit

276 461 371 487 cum
397 453 513 486 tanta
538 459 658 491 cura,
694 451 740 485 ut
770 458 854 484 non
879 443 1067 483 hostibus
1092 444 1233 492 victis,
1272 443 1345 485 scd
1372 443 1492 484 sociis
1523 443 1630 483 bene

275 509 432 551 meritis
469 509 567 550 dare
604 507 833 556 videretur,
871 515 911 549 et
946 521 1050 560 quas
1086 522 1139 548 ne
1170 523 1270 548 usus
1302 506 1471 561 quidem
1503 507 1631 560 longo

276 579 482 626 tempore,
519 570 591 624 qui
621 584 729 610 unus
761 576 821 610 est
854 569 996 623 legum
1027 577 1251 619 corrector,
1289 567 1540 624 experiendo
1566 581 1632 608 ar-

276 640 436 688 guel-et.

360 694 433 735 Ab
460 693 575 736 seriis
606 693 732 736 rebus
761 693 969 734 ludicrum
996 709 1048 735 ex
1078 693 1210 734 multo
1242 700 1338 734 ante
1370 699 1632 748 praeparato,

277 763 317 798 et
341 756 384 797 in
409 756 539 798 Asiae
566 756 754 797 civitates
781 764 819 797 et
853 757 906 797 ad
936 771 1056 811 reges
1080 755 1216 796 missis
1243 755 1314 809 qui
1340 754 1633 796 denuntiarent

277 827 317 859 et
343 834 439 860 cum
465 819 700 860 circumiret
725 819 813 873 ipse
830 818 1034 860 Graeciae
1060 817 1248 859 civitates
1273 817 1456 858 invitatis
1480 816 1634 871 princi-

275 881 413 936 pibus,
439 896 593 935 magno
614 891 818 936 apparatu
832 881 1079 935 Amphipoli
1098 880 1210 921 fecit.
1249 895 1346 920 nam
1367 887 1406 920 et
1428 879 1633 920 artificum

277 942 410 983 omnis
435 943 614 997 generis,
640 943 710 996 qui
730 943 934 983 ludicram
954 950 1085 983 artem
1106 942 1330 988 faciebant,
1357 956 1407 982 cx
1427 948 1513 981 toto
1533 940 1634 981 orbe

276 1013 481 1046 terrarum
511 1004 752 1053 multitudo,
785 1012 826 1046 et
857 1004 1106 1045 athletarum
1132 1012 1173 1045 et
1202 1003 1405 1044 nobilium
1430 1017 1634 1056 equorum

276 1067 491 1116 convenit,
528 1075 569 1109 et
599 1065 828 1122 legationes
855 1081 950 1108 cum
982 1067 1179 1116 victimis,
1218 1074 1256 1108 et
1290 1065 1495 1120 quidquid
1519 1065 1634 1106 aliud

276 1131 450 1172 deorum
475 1129 775 1183 hominumque
801 1144 928 1171 eausa
952 1129 1040 1171 fieri
1066 1129 1230 1183 magnis
1255 1128 1364 1169 ludis
1389 1128 1431 1168 in
1453 1126 1634 1169 Graecia

276 1193 400 1242 solet,
425 1193 483 1233 ita
507 1192 666 1233 factum
692 1200 773 1241 est,
797 1199 844 1232 ut
867 1206 952 1232 non
976 1191 1330 1246 magnificentiam
1355 1198 1535 1237 tantum,
1561 1189 1635 1230 sed

276 1255 543 1310 prudentiam
567 1254 610 1295 in
636 1254 784 1295 dandis
811 1254 1073 1309 spectaculis,
1101 1254 1154 1294 ad
1173 1267 1281 1307 quae
1306 1252 1421 1294 rudis
1446 1260 1535 1293 tum
1549 1251 1635 1292 Ro-

276 1317 390 1358 mani
422 1324 557 1366 erant,
596 1316 914 1358 admirarentur.
976 1316 1125 1371 epulae
1156 1330 1323 1369 quoque
1353 1314 1634 1370 legationibus

277 1387 447 1434 paratae
474 1387 513 1421 et
539 1380 753 1434 opulentia
778 1388 817 1420 et
844 1395 944 1420 cura
969 1379 1130 1420 eadem.
1167 1379 1296 1434 vulgo
1322 1377 1479 1418 dictum
1503 1377 1634 1432 ipsius

278 1441 482 1490 ferebant,
509 1449 550 1482 et
569 1441 808 1481 convivium
834 1441 1040 1482 instruere
1060 1448 1102 1482 et
1125 1440 1247 1481 ludos
1271 1455 1421 1495 parare
1447 1438 1634 1481 eiusdem

278 1517 367 1544 esse
394 1502 465 1555 qui
490 1502 656 1543 vincere
682 1503 791 1543 bello
818 1503 954 1543 sciret.

362 1563 591 1604 XXXIII.
641 1563 768 1604 Edito
810 1564 970 1604 ludicro
1007 1563 1141 1604 omnis
1182 1563 1348 1618 generis
1392 1562 1634 1618 clupeisque

277 1626 408 1667 aereis
428 1626 471 1666 in
491 1641 619 1667 naves
644 1626 834 1681 inpositis
855 1634 992 1667 cetera
1011 1625 1145 1667 omnis
1169 1626 1334 1680 generis
1355 1641 1470 1666 arma
1489 1640 1635 1667 cumu-

277 1688 362 1728 lata
383 1686 464 1742 [in]
492 1687 705 1743 ingentem
731 1703 942 1737 acervum,
967 1699 1160 1742 precatus
1173 1688 1372 1736 BIartem,
1394 1688 1635 1729 Minervam

277 1750 501 1803 Luamque
527 1757 703 1791 matrem
728 1758 767 1791 et
793 1757 951 1791 ceteros
977 1750 1090 1799 deos,
1117 1750 1268 1803 quibus
1295 1749 1425 1804 spolia
1450 1750 1634 1790 hostium

279 1811 417 1853 dicare
447 1812 512 1853 ius
545 1812 693 1866 fasque
725 1820 805 1861 est,
842 1813 931 1867 ipse
962 1812 1188 1866 imperator
1220 1812 1312 1853 face
1344 1812 1511 1853 subdita
1541 1827 1635 1853 suc-

278 1874 430 1923 cendit,
457 1875 605 1916 deinde
631 1875 948 1916 circumstantes
973 1875 1129 1915 tribuni
1154 1874 1334 1915 militum
1358 1888 1433 1928 pro
1454 1889 1497 1915 se
1523 1875 1636 1927 quis-

279 1950 360 1990 que
385 1936 504 1990 ignes
531 1936 808 1977 coniecerunt.
851 1945 995 1978 notata
1020 1944 1081 1977 est
1106 1936 1150 1976 in
1174 1937 1244 1976 illo
1271 1944 1479 1977 conventu
1499 1936 1635 1978 Euro-

277 2013 357 2053 pae
381 1998 617 2051 Asiaeque,
653 1999 839 2052 undique
864 1999 1017 2054 partim
1041 1998 1094 2039 ad
1118 1998 1454 2053 gratulationem,
1484 1999 1636 2053 partim

279 2059 332 2100 ad
369 2061 655 2114 spectaculum
691 2069 904 2102 contracta
934 2060 1225 2109 multitudine,
1262 2060 1385 2101 tantis
1416 2061 1637 2101 navalibus

279 2122 627 2176 terrestribusque
654 2123 905 2164 exercitibus
931 2140 980 2165 ea
1005 2123 1125 2178 copia
1148 2138 1301 2171 rerum,
1327 2138 1376 2163 ea
1400 2123 1537 2164 vilitas
1563 2138 1636 2164 an-

280 2200 427 2234 nonae,
452 2194 499 2227 ut
525 2193 565 2227 et
588 2186 762 2241 privatis
789 2194 829 2228 et
853 2186 1091 2228 civitatibus
1118 2193 1157 2227 et
1181 2185 1377 2240 gentibus
1404 2185 1513 2226 dona
1538 2185 1636 2226 data.

280 2248 478 2302 pleraque
514 2248 603 2289 eius
634 2249 800 2303 generis
831 2249 914 2290 sint
945 2249 998 2290 ab
1029 2249 1300 2303 imperatore,
1337 2262 1421 2288 non
1445 2247 1488 2288 in
1512 2263 1636 2288 usum

280 2309 404 2349 modo
448 2318 730 2363 praesentem,
779 2310 853 2352 sed
897 2311 1022 2351 etiam
1066 2310 1180 2364 quod
1216 2310 1361 2350 domos
1398 2309 1635 2350 avellerent.

282 2371 520 2423 spectaculo
553 2372 632 2412 fuit
669 2373 707 2413 ei
744 2387 852 2426 quae
889 2383 1062 2414 venerat
1099 2373 1246 2413 turbae
1282 2386 1367 2412 non
1399 2371 1636 2412 scaenicum

281 2431 415 2485 magis
445 2432 670 2483 ludicrum,
707 2450 793 2475 non
821 2436 1049 2476 certamina
1079 2435 1295 2475 homiuum
1328 2442 1400 2475 aut.
1431 2433 1637 2475 curricula

283 2507 504 2545 equorum,
531 2509 656 2547 quam
682 2497 839 2550 praeda
863 2497 1143 2539 illacedonica
1168 2497 1322 2546 omnis,
1348 2504 1395 2537 ut
1419 2497 1635 2544 viseretur,

283 2554 473 2607 exposita
504 2563 735 2598 statuarum
764 2559 1108 2613 tabularumque,
1139 2560 1346 2601 textilium
1370 2567 1411 2600 ct
1440 2572 1634 2599 vasorum

283 2630 334 2654 cx
373 2630 472 2655 auro
510 2624 551 2657 et
587 2626 759 2672 argento
791 2627 832 2660 et
868 2636 963 2662 aere
999 2629 1040 2663 et
1076 2621 1201 2663 ebore
1237 2621 1440 2662 factorum
1476 2617 1633 2674 ingenti
