1804 2926
450 215 740 252 PERIOCHAE
765 213 1030 250 LIBRORUM
1054 214 1363 250 LVIHI—LXI.
1491 205 1575 245 205

218 314 256 345 et
275 309 314 345 C.
330 307 500 343 Graccho
519 309 556 341 et
575 305 615 340 C.
635 305 786 350 Papirio
805 304 975 340 Carbone
1001 315 1091 350 agro
1112 305 1308 340 dividendo
1328 305 1461 339 creatis
1481 304 1574 339 exci-

217 359 331 390 tatae.
377 363 459 387 cum
479 352 523 386 P.
545 350 668 395 Scipio
695 350 893 384 Africanus
923 350 1001 393 [iis]
1028 351 1302 394 adversaretur,
1327 350 1505 395 fortisque
1531 361 1575 384 ac

216 400 360 435 validus
378 397 496 443 pridie
515 397 662 430 domum
682 407 720 430 se
738 395 956 440 recepisset,
976 400 1140 430 mortuus
1159 396 1197 430 in
1216 396 1385 430 cubiculo
1406 395 1576 430 inventus

216 449 283 480 est.
319 446 492 488 suspecta
508 441 597 485 fuit,
617 444 807 485 tamquam
821 440 854 475 ei
866 451 1047 475 venenum
1062 441 1234 485 dedisset,
1258 440 1474 486 Sempronia
1485 452 1576 474 uxor

216 490 302 525 hinc
319 488 491 531 maxime,
514 487 612 531 quod
631 497 731 520 soror
750 490 847 520 esset
866 485 1135 530 Gracchorum,
1156 498 1238 521 cum
1258 486 1389 531 quibus
1409 486 1574 519 simultas

215 535 393 570 Africano
406 534 538 567 fuerat.
564 532 609 566 de
622 535 739 566 morte
752 535 878 565 tamen
892 531 968 566 eius
981 532 1084 566 nulla
1098 532 1265 577 quaestio
1280 536 1375 565 acta.
1400 531 1575 565 defuncto

218 591 261 615 eo
276 579 395 614 acrius
409 577 607 612 seditiones
621 576 865 610 triumvirales
879 581 1103 611 exarserunt.
1142 576 1181 612 C.
1197 576 1434 621 Sempronius
1447 575 1575 609 consul

216 626 390 660 adversus
404 623 566 668 Iapydas
584 622 702 666 primo
722 621 819 656 male
838 633 915 656 rem
935 623 1066 667 gessit,
1087 633 1170 656 mox
1187 621 1342 656 victoria
1356 621 1500 656 cladem
1515 632 1574 654 ac-

215 673 360 714 ceptam
379 667 588 703 emendavit
605 667 738 702 virtute
757 667 901 702 Decimi
919 667 1003 701 Iuni
1021 667 1144 712 Bruti,
1167 667 1245 702 eius
1265 667 1327 712 qui
1340 666 1574 701 Lusitaniam

215 716 424 760 subegerat.

790 760 841 785 Ex
854 760 924 785 Lm.
938 760 998 785 Lx.

282 805 326 839 L.
339 804 511 839 Aurelius
526 803 652 839 consul
666 803 849 838 bellantes
864 803 1000 838 Sardos
1014 803 1172 850 subegit.
1198 803 1246 837 M.
1256 803 1408 838 Fulvius
1416 803 1574 837 Flaccus

212 850 350 896 primus
368 850 615 894 transalpinos
628 849 785 894 Ligures
800 850 939 883 domuit
950 849 1048 884 bello
1058 876 1066 892 ,
1086 850 1216 883 missus
1228 849 1266 883 in
1281 849 1453 883 auxilium
1467 848 1507 883 M
1517 861 1571 883 as-

214 896 415 931 siliensium
443 896 618 930 adversus
638 894 821 930 Salluvios
842 894 989 939 Gallos,
1011 895 1073 940 qui
1092 893 1184 929 fines
1202 894 1488 929 Massiliensium
1508 906 1572 939 po-

213 941 450 986 pulabantur.
486 941 530 974 L.
553 939 719 984 Opimius
765 944 887 974 raetor
904 940 1164 986 Fregellanos,
1193 940 1253 985 qui
1280 940 1508 983 defecerant,
1536 940 1573 973 in

214 986 438 1021 deditionem
452 986 606 1030 accepit,
617 952 810 1031 Fregellas
824 985 946 1018 diruit.
966 986 1178 1030 pestilentia
1191 985 1364 1019 inAfrica
1379 986 1468 1019 abin
1499 985 1574 1020 enti

214 1033 439 1066 lucustarum
457 1031 690 1065 multitudine
711 1035 747 1065 et
768 1030 900 1065 deinde
913 1035 1127 1065 necatarum
1141 1034 1264 1076 strage
1277 1030 1390 1065 fuisse
1403 1034 1476 1065 tra(
1490 1031 1572 1064 itur.

212 1077 367 1111 lustrum
399 1088 421 1110 a
452 1076 662 1110 censoribus
694 1076 880 1109 conditum
911 1079 985 1110 est:
1024 1087 1135 1110 censa
1168 1080 1252 1110 sunt
1284 1076 1416 1111 civium
1448 1076 1574 1120 capita

213 1125 379 1156 trecenta
409 1121 613 1166 nonaginta
645 1124 817 1165 quattuor
839 1120 942 1154 milia
972 1121 1091 1166 septin
1122 1125 1208 1156 enta
1232 1121 1361 1167 viginti
1386 1133 1458 1156 sex.
1496 1121 1573 1163 [C.]

215 1166 423 1209 Gracchus,
445 1166 573 1200 Tiberi
591 1166 722 1209 frater,
743 1166 910 1200 tribunus
924 1165 1055 1212 plebiS,
1080 1133 1309 1210 eloquentior
1323 1178 1432 1211 quam
1445 1167 1571 1209 frater,

213 1211 437 1257 perniciosas
452 1211 592 1255 aliquot
604 1211 707 1256 leges
720 1211 821 1254 tulit,
843 1211 938 1246 inter
951 1222 1043 1256 quas
1056 1211 1351 1255 frumentariam,
1372 1216 1413 1246 ut
1426 1212 1523 1247 senis
1537 1216 1574 1247 et

213 1257 347 1291 triente
366 1256 589 1291 frumentum
608 1256 710 1300 plebi
730 1256 897 1299 daretur3
924 1256 1078 1290 alteram
1096 1257 1219 1302 legem
1239 1258 1440 1303 agrariam,
1464 1269 1573 1302 quam

213 1306 251 1337 et
267 1302 383 1336 frater
402 1301 479 1336 eius
497 1301 652 1344 tulerat3
676 1301 839 1344 tertiam,
861 1312 935 1345 qua
954 1305 1159 1346 equestrem
1180 1302 1361 1346 ordinem,
1382 1307 1470 1337 tunc
1491 1315 1573 1338 cum

214 1350 345 1382 senatu
377 1345 686 1389 consentientem,
726 1350 991 1390 corrumperet,
1029 1350 1069 1380 ut
1104 1347 1261 1381 sescenti
1297 1359 1340 1382 ex
1376 1349 1499 1393 equite
1536 1349 1574 1382 in

212 1392 351 1426 curiam
365 1391 646 1436 sublegerentur
660 1394 707 1433 et,
717 1390 803 1435 quia
816 1390 889 1424 illis
903 1392 1128 1436 temporibus
1142 1393 1297 1427 trecenti
1311 1397 1452 1427 tantum
1468 1405 1572 1428 sena-

212 1441 309 1472 tores
323 1440 439 1479 erant,
454 1435 612 1470 sescenti
626 1435 767 1479 equites
780 1435 954 1470 trecentis
968 1437 1199 1471 senatoribus
1214 1438 1513 1481 admiscerentur,
1535 1439 1573 1473 id

212 1486 278 1525 est,
298 1485 340 1515 ut
359 1484 530 1526 equester
542 1481 631 1514 ordo
644 1480 700 1514 bis
713 1484 857 1514 tantum
869 1480 998 1515 virium
1012 1482 1050 1515 in
1064 1486 1194 1516 senatu
1207 1482 1371 1517 haberet.
1409 1488 1446 1517 et
1459 1485 1571 1518 conti-

211 1531 325 1561 nuato
345 1526 383 1560 in
404 1526 559 1561 alterum
579 1537 714 1560 annum
734 1525 926 1559 tribunatu
945 1526 1091 1572 legibus
1105 1527 1260 1572 agrariis
1274 1527 1359 1562 latis
1373 1528 1511 1572 effecit,
1532 1534 1574 1563 ut

211 1572 416 1616 complures
435 1571 603 1606 coloniae
623 1571 660 1604 in
679 1571 792 1605 Italia
816 1571 1084 1606 deducerentur
1109 1577 1147 1606 et
1170 1584 1245 1606 una
1264 1572 1301 1606 in
1327 1574 1406 1607 solo
1427 1574 1571 1609 dirutae

211 1616 458 1662 Carthaginis,
474 1627 544 1661 quo
558 1616 636 1661 ipse
650 1616 815 1650 triumvir
828 1620 973 1651 creatus
986 1617 1169 1652 coloniam
1183 1617 1345 1652 deduxit.
1376 1623 1573 1664 praeterea

210 1674 268 1697 res
288 1673 311 1697 a
332 1662 376 1702 Q.
395 1662 548 1696 Metello
567 1661 716 1696 consule
737 1661 912 1696 adversus
930 1662 1107 1697 Baleares
1125 1666 1250 1708 gestas
1271 1663 1453 1707 continet,
1481 1676 1572 1709 quos

211 1707 349 1743 Graeci
363 1706 583 1752 Gymnesios
597 1707 799 1752 appellant,
810 1706 897 1754 quia
909 1712 1088 1742 aestatem
1102 1708 1192 1742 nudi
1206 1708 1261 1743 exi
1292 1712 1368 1742 unt.
1393 1709 1572 1745 Baleares

211 1764 234 1787 a
251 1753 318 1788 teli
335 1752 448 1786 missu
469 1752 650 1796 appellati
669 1756 734 1787 aut
752 1763 774 1786 a
795 1752 902 1787 Balio
922 1753 1095 1788 Herculis
1115 1753 1247 1788 comite
1266 1766 1278 1787 1
1308 1754 1318 1787 i
1337 1754 1464 1789 relicto
1490 1766 1572 1790 cum

211 1798 391 1833 Hercules
405 1797 452 1832 ad
467 1797 677 1843 Geryonem
690 1797 895 1843 navigaret.
920 1801 1040 1833 motus
1054 1809 1198 1843 quoque
1208 1798 1337 1843 Syriae
1350 1800 1570 1845 referuntur,

211 1843 248 1877 in
273 1843 406 1887 quibus
425 1842 623 1887 Cleopatra
642 1842 872 1877 Demetrium
895 1843 1012 1877 virum
1038 1855 1143 1878 suum
1169 1848 1206 1879 et
1225 1844 1420 1879 Seleucum
1439 1845 1569 1890 filium,

210 1888 417 1939 indignata,
439 1889 536 1931 quod
549 1888 668 1923 occiso
681 1892 787 1933 patre
801 1888 878 1923 eius
893 1900 915 1924 a
929 1900 967 1924 se
980 1888 1121 1924 iniussu
1134 1900 1198 1924 suo
1213 1890 1384 1926 diadema
1398 1893 1569 1936 sumpsis—

213 1936 278 1977 set,
294 1933 488 1968 interemit.

774 1980 827 2005 EX
845 1981 919 2006 ΜΒ.
939 1981 1012 2006 Lxx.

280 2022 320 2057 C.
343 2021 486 2057 Sextius
505 2023 702 2067 proconsul
720 2023 817 2058 victa
837 2023 1081 2058 Salluviorum
1133 2029 1217 2060 ente
1237 2026 1418 2060 coloniam
1438 2027 1569 2071 Aquas

212 2067 355 2103 Sextias
374 2068 554 2111 condidit,
576 2067 622 2102 ob
637 2079 814 2112 aquarum
828 2069 972 2113 copiam
987 2080 1029 2103 ex
1043 2069 1101 2103 cal
1130 2070 1158 2103 is
1172 2070 1390 2116 frigidisque
1404 2071 1568 2106 fontibus

212 2117 322 2158 atque
339 2124 360 2147 a
373 2113 519 2148 nomine
540 2124 604 2147 suo
623 2113 676 2147 ita
691 2113 910 2158 appellatas.
949 2113 1014 2148 Cn.
1029 2114 1215 2149 Domitius
1228 2117 1424 2160 proconsul
1440 2117 1567 2151 adver-

211 2170 271 2193 sus
284 2158 509 2203 Allobrogas
530 2158 577 2192 ad
598 2158 772 2203 oppidum
791 2159 1004 2193 Vindalium
1028 2159 1188 2195 feliciter
1205 2161 1396 2206 pugnavit.
1435 2162 1567 2206 quibus

210 2203 348 2238 bellum
361 2203 543 2238 inferendi
557 2214 670 2238 causa
681 2203 762 2247 fuit,
778 2204 876 2248 quod
890 2204 1168 2238 Tutomotulum
1183 2204 1427 2240 Salluviorum
1440 2218 1566 2252 regem

209 2248 413 2294 fugientem
437 2248 663 2293 recepissent
688 2253 725 2283 et
749 2249 847 2283 omni
872 2260 941 2293 ope
966 2249 1141 2284 iuvissent
1166 2251 1336 2295 quodque
1354 2252 1567 2286 Aeduorum

211 2304 331 2339 agrOS,
346 2293 525 2328 sociorum
537 2294 665 2338 populi
676 2294 845 2338 Romani,
859 2294 1113 2329 vastavissent.
1139 2294 1179 2330 C.
1189 2295 1379 2330 Gracchus
1393 2297 1567 2332 seditioso

210 2339 401 2373 tribunatu
421 2343 521 2382 act0‚
543 2350 625 2373 cum
637 2339 862 2373 Aventinum
881 2350 1026 2384 quoque
1047 2344 1192 2375 armata
1208 2341 1444 2377 multitudine
1458 2353 1564 2377 occu-

210 2387 350 2428 passet,
373 2395 395 2417 a
413 2383 457 2417 L.
479 2383 624 2428 Opimio
643 2384 791 2419 consule
811 2396 855 2419 ex
874 2389 1022 2419 senatus
1043 2386 1209 2420 consulto
1234 2391 1364 2421 vocato
1389 2388 1437 2421 ad
1462 2399 1565 2423 arma

209 2429 345 2474 populo
364 2428 492 2473 pulsus
512 2432 549 2464 et
562 2428 703 2463 occisus
717 2433 788 2472 est,
810 2434 848 2464 et
860 2441 943 2464 cum
956 2440 999 2464 eo
1012 2430 1164 2465 Fulvius
1177 2431 1335 2466 Flaccus
1349 2433 1563 2477 consularis,

210 2474 328 2508 socius
354 2473 517 2508 eiusdem
540 2473 684 2508 furoris.
722 2474 765 2515 Q.
780 2474 918 2508 Fabius
938 2475 1117 2509 Maximus
1142 2476 1285 2519 consul,
1307 2477 1418 2512 Pauli
1436 2489 1563 2524 nep03‚

210 2519 382 2554 adversus
390 2519 612 2564 Allobrogas
626 2523 662 2553 et
674 2519 853 2553 Bituitum
861 2520 1107 2555 Arvernorum
1120 2533 1245 2567 regem
1258 2522 1564 2569 feliciterpugna-

208 2564 271 2598 vit.
308 2575 352 2598 ex
374 2563 504 2598 Bituiti
523 2564 685 2599 exercitu
704 2565 824 2599 occisa
841 2565 944 2599 milia
968 2570 1113 2600 centum
1133 2567 1274 2612 viginti.
1311 2567 1390 2612 ipse
1416 2580 1497 2603 cum
1517 2569 1563 2603 ad

209 2609 510 2643 satisfaciendum
529 2610 674 2644 senatui
686 2609 840 2644 Romam
858 2610 1044 2655 profectus
1066 2616 1178 2655 esset,
1199 2612 1336 2646 Albam
1356 2614 1562 2649 custodien-

209 2655 277 2688 dus
296 2655 403 2688 datus
423 2658 493 2697 est,
517 2654 603 2699 quia
621 2658 750 2689 contra
767 2666 897 2699 pacem
916 2656 1126 2700 videbatur,
1147 2662 1188 2690 ut
1207 2657 1243 2691 in
1259 2657 1422 2693 Galliam
1441 2660 1562 2694 remit-

208 2703 356 2735 teretur.
396 2700 582 2735 decretum
602 2711 746 2746 quoque
765 2704 836 2745 est,
857 2704 897 2735 ut
916 2700 1238 2747 Congonnetiacus
1264 2703 1361 2738 filius
1381 2705 1458 2738 eius
1478 2715 1563 2739 con·
