<?xml version="1.0" encoding="UTF-8"?>
<!DOCTYPE html PUBLIC "-//W3C//DTD XHTML 1.0 Transitional//EN"
    "http://www.w3.org/TR/xhtml1/DTD/xhtml1-transitional.dtd">
<html xmlns="http://www.w3.org/1999/xhtml" xml:lang="en" lang="en">
 <head>
  <title>
</title>
<meta http-equiv="Content-Type" content="text/html;charset=utf-8" />
  <meta name='ocr-system' content='tesseract 3.04.00' />
  <meta name='ocr-capabilities' content='ocr_page ocr_carea ocr_par ocr_line ocrx_word'/>
</head>
<body>
  <div class='ocr_page' id='page_1' title='image "./aburbeconditalib04livyuoft_0185.png"; bbox 0 0 1804 2926; ppageno 0'>
   <div class='ocr_carea' id='block_1_1' title="bbox 492 142 1547 197">
    <p class='ocr_par' dir='ltr' id='par_1_1' title="bbox 492 142 1547 197">
     <span class='ocr_line' id='line_1_1' title="bbox 492 142 1547 197; baseline -0.009 -7"><span class='ocrx_word' id='word_1_1' title='bbox 492 155 643 190; x_wconf 84' lang='lat' dir='ltr'>LIBER</span> <span class='ocrx_word' id='word_1_2' title='bbox 670 153 916 197; x_wconf 84' lang='lat' dir='ltr'>XXXXIHI,</span> <span class='ocrx_word' id='word_1_3' title='bbox 943 153 974 185; x_wconf 68' lang='lat'>4.</span> <span class='ocrx_word' id='word_1_4' title='bbox 995 153 1026 185; x_wconf 69' lang='grc' dir='ltr'>ἵ).</span> <span class='ocrx_word' id='word_1_5' title='bbox 1055 154 1102 194; x_wconf 85' lang='lat' dir='ltr'>[a.</span> <span class='ocrx_word' id='word_1_6' title='bbox 1120 151 1158 186; x_wconf 82' lang='lat' dir='ltr'>C.</span> <span class='ocrx_word' id='word_1_7' title='bbox 1175 152 1257 194; x_wconf 73' lang='lat'>169]</span> <span class='ocrx_word' id='word_1_8' title='bbox 1474 142 1516 182; x_wconf 90' lang='lat'>1]</span> <span class='ocrx_word' id='word_1_9' title='bbox 1534 144 1547 181; x_wconf 85' lang='grc'>1</span> 
     </span>
    </p>
   </div>
   <div class='ocr_carea' id='block_1_2' title="bbox 204 254 1556 312">
    <p class='ocr_par' dir='ltr' id='par_1_2' title="bbox 204 254 1556 312">
     <span class='ocr_line' id='line_1_2' title="bbox 204 254 1556 312; baseline -0.007 -10"><span class='ocrx_word' id='word_1_10' title='bbox 204 260 470 303; x_wconf 81' lang='lat' dir='ltr'>commissum</span> <span class='ocrx_word' id='word_1_11' title='bbox 494 257 695 312; x_wconf 79' lang='lat' dir='ltr'>pertinaci</span> <span class='ocrx_word' id='word_1_12' title='bbox 720 256 913 305; x_wconf 86' lang='lat' dir='ltr'>audacia,</span> <span class='ocrx_word' id='word_1_13' title='bbox 939 270 1046 308; x_wconf 88' lang='lat' dir='ltr'>quae</span> <span class='ocrx_word' id='word_1_14' title='bbox 1071 255 1254 310; x_wconf 87' lang='lat' dir='ltr'>prudens</span> <span class='ocrx_word' id='word_1_15' title='bbox 1279 254 1488 296; x_wconf 87' lang='lat' dir='ltr'>interdum</span> <span class='ocrx_word' id='word_1_16' title='bbox 1512 255 1556 293; x_wconf 88' lang='lat' dir='ltr'>in</span> 
     </span>
    </p>
   </div>
   <div class='ocr_carea' id='block_1_3' title="bbox 204 317 1595 374">
    <p class='ocr_par' dir='ltr' id='par_1_3' title="bbox 204 317 1595 374">
     <span class='ocr_line' id='line_1_3' title="bbox 204 317 1595 374; baseline -0.005 -10"><span class='ocrx_word' id='word_1_17' title='bbox 204 324 317 365; x_wconf 86' lang='lat' dir='ltr'>exitu</span> <span class='ocrx_word' id='word_1_18' title='bbox 338 328 411 369; x_wconf 86' lang='lat' dir='ltr'>est,</span> <span class='ocrx_word' id='word_1_19' title='bbox 439 320 658 374; x_wconf 81' lang='lat' dir='ltr'><strong>corrigere.</strong></span> <span class='ocrx_word' id='word_1_20' title='bbox 696 326 868 360; x_wconf 89' lang='lat' dir='ltr'>ventum</span> <span class='ocrx_word' id='word_1_21' title='bbox 889 318 1058 371; x_wconf 87' lang='lat' dir='ltr'>quidem</span> <span class='ocrx_word' id='word_1_22' title='bbox 1078 324 1165 358; x_wconf 88' lang='lat' dir='ltr'>erat</span> <span class='ocrx_word' id='word_1_23' title='bbox 1185 332 1246 365; x_wconf 84' lang='lat' dir='ltr'>eo,</span> <span class='ocrx_word' id='word_1_24' title='bbox 1272 325 1317 358; x_wconf 92' lang='lat' dir='ltr'>ut</span> <span class='ocrx_word' id='word_1_25' title='bbox 1339 317 1373 358; x_wconf 91' lang='lat' dir='ltr'>si</span> <span class='ocrx_word' id='word_1_26' title='bbox 1393 318 1553 358; x_wconf 78' lang='lat' dir='ltr'>hostem</span> <span class='ocrx_word' id='word_1_27' title='bbox 1583 331 1595 357; x_wconf 62' lang='lat'>⁴„</span> 
     </span>
    </p>
   </div>
   <div class='ocr_carea' id='block_1_4' title="bbox 202 379 1560 1673">
    <p class='ocr_par' dir='ltr' id='par_1_4' title="bbox 203 379 1558 1243">
     <span class='ocr_line' id='line_1_4' title="bbox 204 379 1556 435; baseline -0.006 -9"><span class='ocrx_word' id='word_1_28' title='bbox 204 385 378 426; x_wconf 76' lang='lat' dir='ltr'>similem</span> <span class='ocrx_word' id='word_1_29' title='bbox 414 383 595 435; x_wconf 78' lang='lat' dir='ltr'>antiquis</span> <span class='ocrx_word' id='word_1_30' title='bbox 627 382 913 422; x_wconf 58' lang='lat' dir='ltr'>hlacedonum</span> <span class='ocrx_word' id='word_1_31' title='bbox 944 380 1114 434; x_wconf 88' lang='lat' dir='ltr'>regibus</span> <span class='ocrx_word' id='word_1_32' title='bbox 1152 380 1365 421; x_wconf 74' lang='lat' dir='ltr'>habuisset</span> <span class='ocrx_word' id='word_1_33' title='bbox 1397 379 1556 425; x_wconf 87' lang='lat' dir='ltr'>consul,</span> 
     </span>
     <span class='ocr_line' id='line_1_5' title="bbox 203 441 1557 501; baseline -0.005 -14"><span class='ocrx_word' id='word_1_34' title='bbox 203 461 357 501; x_wconf 88' lang='lat' dir='ltr'>magna</span> <span class='ocrx_word' id='word_1_35' title='bbox 376 445 515 486; x_wconf 86' lang='lat' dir='ltr'>clades</span> <span class='ocrx_word' id='word_1_36' title='bbox 535 443 667 498; x_wconf 77' lang='lat' dir='ltr'>accipi</span> <span class='ocrx_word' id='word_1_37' title='bbox 687 443 880 497; x_wconf 88' lang='lat' dir='ltr'>potuerit.</span> <span class='ocrx_word' id='word_1_38' title='bbox 919 442 991 483; x_wconf 89' lang='lat' dir='ltr'>sed</span> <span class='ocrx_word' id='word_1_39' title='bbox 1007 457 1101 482; x_wconf 89' lang='grc'>011111</span> <span class='ocrx_word' id='word_1_40' title='bbox 1123 442 1176 482; x_wconf 85' lang='lat' dir='ltr'>ad</span> <span class='ocrx_word' id='word_1_41' title='bbox 1189 442 1321 482; x_wconf 87' lang='lat' dir='ltr'>Dium</span> <span class='ocrx_word' id='word_1_42' title='bbox 1341 456 1416 496; x_wconf 89' lang='lat' dir='ltr'>per</span> <span class='ocrx_word' id='word_1_43' title='bbox 1434 441 1557 481; x_wconf 84' lang='lat' dir='ltr'>litora</span> 
     </span>
     <span class='ocr_line' id='line_1_6' title="bbox 203 503 1557 560; baseline -0.004 -12"><span class='ocrx_word' id='word_1_44' title='bbox 203 522 299 548; x_wconf 86' lang='lat' dir='ltr'>cum</span> <span class='ocrx_word' id='word_1_45' title='bbox 335 506 544 560; x_wconf 86' lang='lat' dir='ltr'>equitibus</span> <span class='ocrx_word' id='word_1_46' title='bbox 589 512 813 560; x_wconf 85' lang='lat' dir='ltr'>vagaretur</span> <span class='ocrx_word' id='word_1_47' title='bbox 848 520 922 545; x_wconf 89' lang='lat' dir='ltr'>rex</span> <span class='ocrx_word' id='word_1_48' title='bbox 959 512 997 545; x_wconf 91' lang='lat' dir='ltr'>et</span> <span class='ocrx_word' id='word_1_49' title='bbox 1041 504 1093 544; x_wconf 87' lang='lat' dir='ltr'>ab</span> <span class='ocrx_word' id='word_1_50' title='bbox 1132 504 1352 544; x_wconf 76' lang='lat' dir='ltr'>duodecim</span> <span class='ocrx_word' id='word_1_51' title='bbox 1387 503 1557 543; x_wconf 88' lang='lat' dir='ltr'>milibus</span> 
     </span>
     <span class='ocr_line' id='line_1_7' title="bbox 203 566 1557 624; baseline -0.004 -14"><span class='ocrx_word' id='word_1_52' title='bbox 203 584 332 624; x_wconf 81' lang='lat' dir='ltr'><strong>prope</strong></span> <span class='ocrx_word' id='word_1_53' title='bbox 364 569 588 610; x_wconf 86' lang='lat' dir='ltr'>clamorem</span> <span class='ocrx_word' id='word_1_54' title='bbox 619 576 657 609; x_wconf 87' lang='lat' dir='ltr'>et</span> <span class='ocrx_word' id='word_1_55' title='bbox 692 568 911 621; x_wconf 87' lang='lat' dir='ltr'>strepitum</span> <span class='ocrx_word' id='word_1_56' title='bbox 941 567 1221 621; x_wconf 86' lang='lat' dir='ltr'>pugnantium</span> <span class='ocrx_word' id='word_1_57' title='bbox 1258 566 1440 614; x_wconf 87' lang='lat' dir='ltr'>audiret,</span> <span class='ocrx_word' id='word_1_58' title='bbox 1479 580 1557 606; x_wconf 90' lang='lat' dir='ltr'>nec</span> 
     </span>
     <span class='ocr_line' id='line_1_8' title="bbox 203 628 1557 685; baseline -0.004 -13"><span class='ocrx_word' id='word_1_59' title='bbox 203 632 317 672; x_wconf 85' lang='lat' dir='ltr'>auxit</span> <span class='ocrx_word' id='word_1_60' title='bbox 355 631 494 685; x_wconf 89' lang='lat' dir='ltr'>copias</span> <span class='ocrx_word' id='word_1_61' title='bbox 538 630 722 684; x_wconf 88' lang='lat' dir='ltr'>integros</span> <span class='ocrx_word' id='word_1_62' title='bbox 765 630 884 671; x_wconf 85' lang='lat' dir='ltr'>fessis</span> <span class='ocrx_word' id='word_1_63' title='bbox 922 629 1238 677; x_wconf 84' lang='lat' dir='ltr'>summittendo,</span> <span class='ocrx_word' id='word_1_64' title='bbox 1281 643 1417 681; x_wconf 89' lang='lat' dir='ltr'>neque</span> <span class='ocrx_word' id='word_1_65' title='bbox 1453 628 1557 682; x_wconf 85' lang='lat' dir='ltr'>ipse,</span> 
     </span>
     <span class='ocr_line' id='line_1_9' title="bbox 203 691 1556 747; baseline -0.003 -14"><span class='ocrx_word' id='word_1_66' title='bbox 203 693 316 746; x_wconf 87' lang='lat' dir='ltr'>quod</span> <span class='ocrx_word' id='word_1_67' title='bbox 340 693 566 747; x_wconf 88' lang='lat' dir='ltr'>plurimum</span> <span class='ocrx_word' id='word_1_68' title='bbox 585 692 795 740; x_wconf 88' lang='lat' dir='ltr'>intererat,</span> <span class='ocrx_word' id='word_1_69' title='bbox 822 692 1037 732; x_wconf 79' lang='lat' dir='ltr'>certamini</span> <span class='ocrx_word' id='word_1_70' title='bbox 1058 691 1204 740; x_wconf 72' lang='lat' dir='ltr'>adfuit,</span> <span class='ocrx_word' id='word_1_71' title='bbox 1231 706 1326 732; x_wconf 89' lang='lat' dir='ltr'>cum</span> <span class='ocrx_word' id='word_1_72' title='bbox 1340 691 1556 732; x_wconf 80' lang='lat' dir='ltr'>Romanus</span> 
     </span>
     <span class='ocr_line' id='line_1_10' title="bbox 203 753 1557 810; baseline -0.003 -14"><span class='ocrx_word' id='word_1_73' title='bbox 203 755 428 810; x_wconf 87' lang='lat' dir='ltr'>imperator</span> <span class='ocrx_word' id='word_1_74' title='bbox 458 755 589 795; x_wconf 90' lang='lat' dir='ltr'>maior</span> <span class='ocrx_word' id='word_1_75' title='bbox 626 754 844 809; x_wconf 77' lang='lat' dir='ltr'>sexaginta</span> <span class='ocrx_word' id='word_1_76' title='bbox 880 753 998 794; x_wconf 89' lang='lat' dir='ltr'>annis</span> <span class='ocrx_word' id='word_1_77' title='bbox 1031 761 1071 794; x_wconf 89' lang='lat' dir='ltr'>et</span> <span class='ocrx_word' id='word_1_78' title='bbox 1106 753 1347 808; x_wconf 80' lang='lat' dir='ltr'>praegravis</span> <span class='ocrx_word' id='word_1_79' title='bbox 1385 766 1557 806; x_wconf 87' lang='lat' dir='ltr'>corpore</span> 
     </span>
     <span class='ocr_line' id='line_1_11' title="bbox 204 814 1558 871; baseline -0.002 -14"><span class='ocrx_word' id='word_1_80' title='bbox 204 818 343 858; x_wconf 86' lang='lat' dir='ltr'>onmia</span> <span class='ocrx_word' id='word_1_81' title='bbox 374 817 567 857; x_wconf 85' lang='lat' dir='ltr'>militaria</span> <span class='ocrx_word' id='word_1_82' title='bbox 597 831 773 857; x_wconf 87' lang='lat' dir='ltr'>munera</span> <span class='ocrx_word' id='word_1_83' title='bbox 802 817 890 871; x_wconf 90' lang='lat' dir='ltr'>ipse</span> <span class='ocrx_word' id='word_1_84' title='bbox 915 816 1077 870; x_wconf 76' lang='lat' dir='ltr'>inpigre</span> <span class='ocrx_word' id='word_1_85' title='bbox 1104 816 1248 856; x_wconf 85' lang='lat' dir='ltr'>obiret.</span> <span class='ocrx_word' id='word_1_86' title='bbox 1310 815 1479 870; x_wconf 85' lang='lat' dir='ltr'>egregie</span> <span class='ocrx_word' id='word_1_87' title='bbox 1505 814 1558 855; x_wconf 88' lang='lat' dir='ltr'>ad</span> 
     </span>
     <span class='ocr_line' id='line_1_12' title="bbox 203 877 1556 933; baseline -0.002 -13"><span class='ocrx_word' id='word_1_88' title='bbox 203 879 395 920; x_wconf 84' lang='lat' dir='ltr'>ultimum</span> <span class='ocrx_word' id='word_1_89' title='bbox 426 879 469 920; x_wconf 92' lang='lat' dir='ltr'>in</span> <span class='ocrx_word' id='word_1_90' title='bbox 500 879 713 919; x_wconf 83' lang='lat' dir='ltr'>audaciter</span> <span class='ocrx_word' id='word_1_91' title='bbox 738 879 958 919; x_wconf 86' lang='lat' dir='ltr'>commisso</span> <span class='ocrx_word' id='word_1_92' title='bbox 984 878 1285 933; x_wconf 85' lang='lat' dir='ltr'>perseveravit,</span> <span class='ocrx_word' id='word_1_93' title='bbox 1311 886 1352 919; x_wconf 86' lang='lat' dir='ltr'>et</span> <span class='ocrx_word' id='word_1_94' title='bbox 1375 877 1556 932; x_wconf 88' lang='lat' dir='ltr'>Popillio</span> 
     </span>
     <span class='ocr_line' id='line_1_13' title="bbox 203 940 1558 995; baseline -0.001 -13"><span class='ocrx_word' id='word_1_95' title='bbox 203 942 345 982; x_wconf 86' lang='lat' dir='ltr'>relicto</span> <span class='ocrx_word' id='word_1_96' title='bbox 370 941 411 981; x_wconf 89' lang='lat' dir='ltr'>in</span> <span class='ocrx_word' id='word_1_97' title='bbox 439 941 627 982; x_wconf 85' lang='lat' dir='ltr'>custodia</span> <span class='ocrx_word' id='word_1_98' title='bbox 658 941 764 995; x_wconf 88' lang='lat' dir='ltr'>iugi,</span> <span class='ocrx_word' id='word_1_99' title='bbox 802 956 876 995; x_wconf 90' lang='lat' dir='ltr'>per</span> <span class='ocrx_word' id='word_1_100' title='bbox 904 940 1017 981; x_wconf 86' lang='lat' dir='ltr'>invia</span> <span class='ocrx_word' id='word_1_101' title='bbox 1048 948 1401 994; x_wconf 85' lang='lat' dir='ltr'>transgressurus,</span> <span class='ocrx_word' id='word_1_102' title='bbox 1438 954 1558 994; x_wconf 88' lang='lat' dir='ltr'>prae-</span> 
     </span>
     <span class='ocr_line' id='line_1_14' title="bbox 204 1002 1557 1057; baseline -0.002 -14"><span class='ocrx_word' id='word_1_103' title='bbox 204 1003 339 1043; x_wconf 91' lang='lat' dir='ltr'>missis</span> <span class='ocrx_word' id='word_1_104' title='bbox 361 1002 474 1057; x_wconf 87' lang='lat' dir='ltr'>[qui]</span> <span class='ocrx_word' id='word_1_105' title='bbox 494 1011 768 1057; x_wconf 80' lang='lat' dir='ltr'>repurgarent</span> <span class='ocrx_word' id='word_1_106' title='bbox 782 1003 883 1050; x_wconf 79' lang='lat' dir='ltr'>iter,</span> <span class='ocrx_word' id='word_1_107' title='bbox 905 1003 1097 1044; x_wconf 83' lang='lat' dir='ltr'>Attalum</span> <span class='ocrx_word' id='word_1_108' title='bbox 1124 1011 1161 1043; x_wconf 90' lang='lat' dir='ltr'>et</span> <span class='ocrx_word' id='word_1_109' title='bbox 1176 1002 1443 1056; x_wconf 61' lang='lat' dir='ltr'>Blisagenem</span> <span class='ocrx_word' id='word_1_110' title='bbox 1464 1017 1557 1042; x_wconf 89' lang='grc'>011111</span> 
     </span>
     <span class='ocr_line' id='line_1_15' title="bbox 204 1064 1557 1119; baseline -0.002 -13"><span class='ocrx_word' id='word_1_111' title='bbox 204 1081 303 1107; x_wconf 87' lang='lat' dir='ltr'>suae</span> <span class='ocrx_word' id='word_1_112' title='bbox 333 1066 469 1119; x_wconf 84' lang='lat' dir='ltr'>gentis</span> <span class='ocrx_word' id='word_1_113' title='bbox 502 1073 725 1119; x_wconf 84' lang='lat' dir='ltr'>utrumque</span> <span class='ocrx_word' id='word_1_114' title='bbox 758 1065 1029 1105; x_wconf 75' lang='lat' dir='ltr'>auxiliaribus</span> <span class='ocrx_word' id='word_1_115' title='bbox 1055 1065 1262 1119; x_wconf 89' lang='lat' dir='ltr'>praesidio</span> <span class='ocrx_word' id='word_1_116' title='bbox 1290 1079 1380 1105; x_wconf 90' lang='grc'>0550</span> <span class='ocrx_word' id='word_1_117' title='bbox 1407 1064 1557 1104; x_wconf 86' lang='lat' dir='ltr'>saltum</span> 
     </span>
     <span class='ocr_line' id='line_1_16' title="bbox 204 1127 1557 1182; baseline -0.001 -14"><span class='ocrx_word' id='word_1_118' title='bbox 204 1128 484 1182; x_wconf 86' lang='lat' dir='ltr'>aperientibus</span> <span class='ocrx_word' id='word_1_119' title='bbox 510 1128 646 1176; x_wconf 84' lang='lat' dir='ltr'>iubet,</span> <span class='ocrx_word' id='word_1_120' title='bbox 684 1127 772 1182; x_wconf 88' lang='lat' dir='ltr'>ipse</span> <span class='ocrx_word' id='word_1_121' title='bbox 798 1128 957 1180; x_wconf 86' lang='lat' dir='ltr'>equites</span> <span class='ocrx_word' id='word_1_122' title='bbox 983 1127 1364 1181; x_wconf 72' lang='lat' dir='ltr'>impedimentatpie</span> <span class='ocrx_word' id='word_1_123' title='bbox 1388 1141 1488 1181; x_wconf 86' lang='lat' dir='ltr'>prae</span> <span class='ocrx_word' id='word_1_124' title='bbox 1514 1141 1557 1166; x_wconf 90' lang='lat' dir='ltr'>se</span> 
     </span>
     <span class='ocr_line' id='line_1_17' title="bbox 204 1190 1070 1243; baseline 0 -14"><span class='ocrx_word' id='word_1_125' title='bbox 204 1190 361 1230; x_wconf 85' lang='lat' dir='ltr'>habens</span> <span class='ocrx_word' id='word_1_126' title='bbox 387 1205 483 1230; x_wconf 87' lang='lat' dir='ltr'>eum</span> <span class='ocrx_word' id='word_1_127' title='bbox 506 1190 742 1243; x_wconf 80' lang='lat' dir='ltr'>legionibus</span> <span class='ocrx_word' id='word_1_128' title='bbox 768 1204 920 1243; x_wconf 82' lang='lat' dir='ltr'>agmen</span> <span class='ocrx_word' id='word_1_129' title='bbox 946 1190 1070 1243; x_wconf 85' lang='lat' dir='ltr'>cogit.</span> 
     </span>
    </p>

    <p class='ocr_par' dir='ltr' id='par_1_5' title="bbox 202 1250 1560 1673">
     <span class='ocr_line' id='line_1_18' title="bbox 288 1250 1559 1294; baseline -0.003 0"><span class='ocrx_word' id='word_1_130' title='bbox 288 1253 342 1294; x_wconf 81' lang='lat' dir='ltr'>V.</span> <span class='ocrx_word' id='word_1_131' title='bbox 379 1252 674 1292; x_wconf 85' lang='lat' dir='ltr'>Inenarrabilis</span> <span class='ocrx_word' id='word_1_132' title='bbox 706 1252 824 1291; x_wconf 90' lang='lat' dir='ltr'>labor</span> <span class='ocrx_word' id='word_1_133' title='bbox 856 1251 1205 1291; x_wconf 82' lang='lat' dir='ltr'>descendentibus</span> <span class='ocrx_word' id='word_1_134' title='bbox 1233 1266 1328 1291; x_wconf 88' lang='lat' dir='ltr'>cum</span> <span class='ocrx_word' id='word_1_135' title='bbox 1353 1250 1472 1291; x_wconf 90' lang='lat' dir='ltr'>ruina</span> <span class='ocrx_word' id='word_1_136' title='bbox 1496 1251 1559 1290; x_wconf 84' lang='lat' dir='ltr'>iu-</span> 
     </span>
     <span class='ocr_line' id='line_1_19' title="bbox 203 1313 1559 1368; baseline -0.001 -15"><span class='ocrx_word' id='word_1_137' title='bbox 203 1321 438 1355; x_wconf 85' lang='lat' dir='ltr'>mentorum</span> <span class='ocrx_word' id='word_1_138' title='bbox 476 1313 828 1366; x_wconf 85' lang='lat' dir='ltr'>sarcinarumque.</span> <span class='ocrx_word' id='word_1_139' title='bbox 889 1313 1120 1368; x_wconf 86' lang='lat' dir='ltr'>progressis</span> <span class='ocrx_word' id='word_1_140' title='bbox 1152 1313 1326 1353; x_wconf 84' lang='lat' dir='ltr'>vixdum</span> <span class='ocrx_word' id='word_1_141' title='bbox 1362 1321 1559 1366; x_wconf 89' lang='lat' dir='ltr'>quattuor</span> 
     </span>
     <span class='ocr_line' id='line_1_20' title="bbox 204 1375 1560 1431; baseline -0.001 -14"><span class='ocrx_word' id='word_1_142' title='bbox 204 1377 317 1417; x_wconf 86' lang='lat' dir='ltr'>milia</span> <span class='ocrx_word' id='word_1_143' title='bbox 342 1379 511 1431; x_wconf 76' lang='lat' dir='ltr'>passum</span> <span class='ocrx_word' id='word_1_144' title='bbox 535 1376 636 1416; x_wconf 89' lang='lat' dir='ltr'>nihil</span> <span class='ocrx_word' id='word_1_145' title='bbox 662 1375 884 1430; x_wconf 85' lang='lat' dir='ltr'>optabilius</span> <span class='ocrx_word' id='word_1_146' title='bbox 905 1391 995 1417; x_wconf 91' lang='lat' dir='ltr'>esse</span> <span class='ocrx_word' id='word_1_147' title='bbox 1017 1390 1143 1429; x_wconf 88' lang='lat' dir='ltr'>quam</span> <span class='ocrx_word' id='word_1_148' title='bbox 1168 1376 1302 1416; x_wconf 87' lang='lat' dir='ltr'>redire</span> <span class='ocrx_word' id='word_1_149' title='bbox 1327 1390 1411 1429; x_wconf 86' lang='lat' dir='ltr'>qua</span> <span class='ocrx_word' id='word_1_150' title='bbox 1439 1391 1560 1416; x_wconf 87' lang='lat' dir='ltr'>vene-</span> 
     </span>
     <span class='ocr_line' id='line_1_21' title="bbox 204 1437 1560 1493; baseline 0 -15"><span class='ocrx_word' id='word_1_151' title='bbox 204 1446 315 1487; x_wconf 84' lang='lat' dir='ltr'>rant,</span> <span class='ocrx_word' id='word_1_152' title='bbox 354 1439 388 1478; x_wconf 92' lang='lat' dir='ltr'>si</span> <span class='ocrx_word' id='word_1_153' title='bbox 420 1445 602 1493; x_wconf 79' lang='lat' dir='ltr'>possent.</span> <span class='ocrx_word' id='word_1_154' title='bbox 663 1437 855 1478; x_wconf 83' lang='lat' dir='ltr'>hostilem</span> <span class='ocrx_word' id='word_1_155' title='bbox 887 1452 1016 1492; x_wconf 87' lang='lat' dir='ltr'>prope</span> <span class='ocrx_word' id='word_1_156' title='bbox 1043 1438 1270 1478; x_wconf 88' lang='lat' dir='ltr'>tumultum</span> <span class='ocrx_word' id='word_1_157' title='bbox 1295 1437 1451 1491; x_wconf 88' lang='lat' dir='ltr'>agmini</span> <span class='ocrx_word' id='word_1_158' title='bbox 1477 1437 1560 1478; x_wconf 90' lang='lat' dir='ltr'>ele-</span> 
     </span>
     <span class='ocr_line' id='line_1_22' title="bbox 202 1499 1559 1555; baseline -0.001 -14"><span class='ocrx_word' id='word_1_159' title='bbox 202 1500 347 1555; x_wconf 87' lang='lat' dir='ltr'>phanti</span> <span class='ocrx_word' id='word_1_160' title='bbox 383 1500 660 1554; x_wconf 88' lang='lat' dir='ltr'>praebebant,</span> <span class='ocrx_word' id='word_1_161' title='bbox 698 1499 769 1553; x_wconf 86' lang='lat' dir='ltr'>qui</span> <span class='ocrx_word' id='word_1_162' title='bbox 800 1500 873 1540; x_wconf 91' lang='lat' dir='ltr'>ubi</span> <span class='ocrx_word' id='word_1_163' title='bbox 904 1500 958 1540; x_wconf 89' lang='lat' dir='ltr'>ad</span> <span class='ocrx_word' id='word_1_164' title='bbox 987 1500 1100 1540; x_wconf 85' lang='lat' dir='ltr'>invia</span> <span class='ocrx_word' id='word_1_165' title='bbox 1130 1507 1351 1549; x_wconf 79' lang='lat' dir='ltr'>venerant,</span> <span class='ocrx_word' id='word_1_166' title='bbox 1389 1499 1559 1540; x_wconf 87' lang='lat' dir='ltr'>deiectis</span> 
     </span>
     <span class='ocr_line' id='line_1_23' title="bbox 202 1561 1558 1616; baseline -0.001 -13"><span class='ocrx_word' id='word_1_167' title='bbox 202 1562 431 1603; x_wconf 86' lang='lat' dir='ltr'>rectoribus</span> <span class='ocrx_word' id='word_1_168' title='bbox 446 1577 540 1602; x_wconf 91' lang='lat' dir='ltr'>cum</span> <span class='ocrx_word' id='word_1_169' title='bbox 560 1561 767 1603; x_wconf 88' lang='lat' dir='ltr'>horrendo</span> <span class='ocrx_word' id='word_1_170' title='bbox 782 1561 957 1602; x_wconf 88' lang='lat' dir='ltr'>stridore</span> <span class='ocrx_word' id='word_1_171' title='bbox 978 1576 1176 1616; x_wconf 88' lang='lat' dir='ltr'>pavorem</span> <span class='ocrx_word' id='word_1_172' title='bbox 1197 1561 1424 1616; x_wconf 89' lang='lat' dir='ltr'>ingentem,</span> <span class='ocrx_word' id='word_1_173' title='bbox 1440 1562 1558 1615; x_wconf 89' lang='lat' dir='ltr'>equis</span> 
     </span>
     <span class='ocr_line' id='line_1_24' title="bbox 204 1623 1560 1673; baseline 0.001 -10"><span class='ocrx_word' id='word_1_174' title='bbox 204 1623 403 1672; x_wconf 80' lang='lat' dir='ltr'>maxime,</span> <span class='ocrx_word' id='word_1_175' title='bbox 441 1623 718 1673; x_wconf 88' lang='lat' dir='ltr'>incutiebant,</span> <span class='ocrx_word' id='word_1_176' title='bbox 756 1624 889 1664; x_wconf 91' lang='lat' dir='ltr'>donec</span> <span class='ocrx_word' id='word_1_177' title='bbox 926 1623 1173 1664; x_wconf 88' lang='lat' dir='ltr'>traducendi</span> <span class='ocrx_word' id='word_1_178' title='bbox 1210 1638 1279 1664; x_wconf 90' lang='grc'>005</span> <span class='ocrx_word' id='word_1_179' title='bbox 1316 1623 1421 1664; x_wconf 83' lang='lat' dir='ltr'>ratio</span> <span class='ocrx_word' id='word_1_180' title='bbox 1457 1623 1560 1664; x_wconf 86' lang='lat' dir='ltr'>inita</span> 
     </span>
    </p>
   </div>
   <div class='ocr_carea' id='block_1_5' title="bbox 1586 702 1625 729">
    <p class='ocr_par' dir='ltr' id='par_1_6' title="bbox 1586 702 1625 729">
     <span class='ocr_line' id='line_1_25' title="bbox 1586 702 1625 729; baseline -0.103 0"><span class='ocrx_word' id='word_1_181' title='bbox 1586 702 1625 729; x_wconf 78' lang='lat' dir='ltr'>lo</span> 
     </span>
    </p>
   </div>
   <div class='ocr_carea' id='block_1_6' title="bbox 1585 826 1622 854">
    <p class='ocr_par' dir='ltr' id='par_1_7' title="bbox 1585 826 1622 854">
     <span class='ocr_line' id='line_1_26' title="bbox 1585 826 1622 854; baseline -0.027 0"><span class='ocrx_word' id='word_1_182' title='bbox 1585 826 1622 854; x_wconf 77' lang='lat'>11</span> 
     </span>
    </p>
   </div>
   <div class='ocr_carea' id='block_1_7' title="bbox 1586 1450 1603 1478">
    <p class='ocr_par' dir='ltr' id='par_1_8' title="bbox 1586 1450 1603 1478">
     <span class='ocr_line' id='line_1_27' title="bbox 1586 1450 1603 1478; textangle 90"><span class='ocrx_word' id='word_1_183' title='bbox 1586 1450 1603 1478; x_wconf 62' lang='grc' dir='ltr'>ΚΟ</span> 
     </span>
    </p>
   </div>
   <div class='ocr_carea' id='block_1_8' title="bbox 203 1686 1560 1741">
    <p class='ocr_par' dir='ltr' id='par_1_9' title="bbox 203 1686 1604 1741">
     <span class='ocr_line' id='line_1_28' title="bbox 203 1686 1560 1741; baseline -0.001 -15"><span class='ocrx_word' id='word_1_184' title='bbox 203 1693 277 1726; x_wconf 88' lang='lat' dir='ltr'>est.</span> <span class='ocrx_word' id='word_1_185' title='bbox 337 1701 412 1740; x_wconf 91' lang='lat' dir='ltr'>per</span> <span class='ocrx_word' id='word_1_186' title='bbox 444 1686 627 1740; x_wconf 83' lang='lat' dir='ltr'>proclive</span> <span class='ocrx_word' id='word_1_187' title='bbox 654 1694 819 1740; x_wconf 88' lang='lat' dir='ltr'>sumpto</span> <span class='ocrx_word' id='word_1_188' title='bbox 845 1686 1013 1740; x_wconf 87' lang='lat' dir='ltr'>fastigio</span> <span class='ocrx_word' id='word_1_189' title='bbox 1045 1686 1160 1741; x_wconf 89' lang='lat' dir='ltr'>longi</span> <span class='ocrx_word' id='word_1_190' title='bbox 1186 1686 1269 1726; x_wconf 92' lang='lat' dir='ltr'>duo</span> <span class='ocrx_word' id='word_1_191' title='bbox 1295 1686 1423 1726; x_wconf 84' lang='lat' dir='ltr'>validi</span> <span class='ocrx_word' id='word_1_192' title='bbox 1449 1702 1560 1727; x_wconf 89' lang='lat' dir='ltr'>asse-</span> 
     </span>
    </p>
   </div>
   <div class='ocr_carea' id='block_1_9' title="bbox 204 1747 1563 2670">
    <p class='ocr_par' dir='ltr' id='par_1_10' title="bbox 204 1747 1563 2670">
     <span class='ocr_line' id='line_1_29' title="bbox 204 1747 1562 1802; baseline 0 -14"><span class='ocrx_word' id='word_1_193' title='bbox 204 1763 269 1789; x_wconf 86' lang='lat' dir='ltr'>res</span> <span class='ocrx_word' id='word_1_194' title='bbox 290 1762 341 1788; x_wconf 83' lang='lat' dir='ltr'>cx</span> <span class='ocrx_word' id='word_1_195' title='bbox 362 1747 557 1789; x_wconf 88' lang='lat' dir='ltr'>inferiore</span> <span class='ocrx_word' id='word_1_196' title='bbox 578 1756 695 1802; x_wconf 88' lang='lat' dir='ltr'>parte</span> <span class='ocrx_word' id='word_1_197' title='bbox 715 1748 758 1788; x_wconf 89' lang='lat' dir='ltr'>in</span> <span class='ocrx_word' id='word_1_198' title='bbox 777 1756 886 1789; x_wconf 87' lang='lat' dir='ltr'>terra</span> <span class='ocrx_word' id='word_1_199' title='bbox 906 1748 1210 1802; x_wconf 82' lang='lat' dir='ltr'>defigebantur,</span> <span class='ocrx_word' id='word_1_200' title='bbox 1237 1748 1436 1789; x_wconf 88' lang='lat' dir='ltr'>distantes</span> <span class='ocrx_word' id='word_1_201' title='bbox 1455 1749 1562 1789; x_wconf 87' lang='lat' dir='ltr'>inter</span> 
     </span>
     <span class='ocr_line' id='line_1_30' title="bbox 204 1810 1560 1864; baseline 0.001 -14"><span class='ocrx_word' id='word_1_202' title='bbox 204 1825 247 1850; x_wconf 88' lang='lat' dir='ltr'>se</span> <span class='ocrx_word' id='word_1_203' title='bbox 277 1810 402 1863; x_wconf 90' lang='lat' dir='ltr'>paulo</span> <span class='ocrx_word' id='word_1_204' title='bbox 433 1810 526 1864; x_wconf 89' lang='lat' dir='ltr'>plus</span> <span class='ocrx_word' id='word_1_205' title='bbox 557 1824 685 1863; x_wconf 87' lang='lat' dir='ltr'>quam</span> <span class='ocrx_word' id='word_1_206' title='bbox 720 1818 875 1863; x_wconf 87' lang='lat' dir='ltr'>quanta</span> <span class='ocrx_word' id='word_1_207' title='bbox 906 1810 1054 1852; x_wconf 85' lang='lat' dir='ltr'>beluae</span> <span class='ocrx_word' id='word_1_208' title='bbox 1085 1811 1261 1851; x_wconf 84' lang='lat' dir='ltr'>latitudo</span> <span class='ocrx_word' id='word_1_209' title='bbox 1297 1818 1357 1852; x_wconf 87' lang='lat' dir='ltr'>est</span> <span class='ocrx_word' id='word_1_210' title='bbox 1368 1827 1378 1860; x_wconf 80' lang='lat'><em>3</em></span> <span class='ocrx_word' id='word_1_211' title='bbox 1415 1811 1459 1851; x_wconf 90' lang='lat' dir='ltr'>in</span> <span class='ocrx_word' id='word_1_212' title='bbox 1489 1826 1560 1852; x_wconf 90' lang='lat' dir='ltr'>eos</span> 
     </span>
     <span class='ocr_line' id='line_1_31' title="bbox 205 1872 1559 1927; baseline 0.001 -17"><span class='ocrx_word' id='word_1_213' title='bbox 205 1879 441 1911; x_wconf 89' lang='lat' dir='ltr'>transverso</span> <span class='ocrx_word' id='word_1_214' title='bbox 467 1872 755 1913; x_wconf 86' lang='lat' dir='ltr'>incumbentes</span> <span class='ocrx_word' id='word_1_215' title='bbox 781 1873 896 1927; x_wconf 90' lang='lat' dir='ltr'>tigno</span> <span class='ocrx_word' id='word_1_216' title='bbox 923 1873 976 1912; x_wconf 87' lang='lat' dir='ltr'>ad</span> <span class='ocrx_word' id='word_1_217' title='bbox 1000 1873 1178 1913; x_wconf 87' lang='lat' dir='ltr'>tricenos</span> <span class='ocrx_word' id='word_1_218' title='bbox 1203 1873 1316 1927; x_wconf 88' lang='lat' dir='ltr'>longi</span> <span class='ocrx_word' id='word_1_219' title='bbox 1342 1873 1489 1927; x_wconf 88' lang='lat' dir='ltr'>pedes,</span> <span class='ocrx_word' id='word_1_220' title='bbox 1515 1880 1559 1913; x_wconf 91' lang='lat' dir='ltr'>ut</span> 
     </span>
     <span class='ocr_line' id='line_1_32' title="bbox 205 1933 1559 1989; baseline 0.001 -17"><span class='ocrx_word' id='word_1_221' title='bbox 205 1948 311 1986; x_wconf 87' lang='lat' dir='ltr'>pons</span> <span class='ocrx_word' id='word_1_222' title='bbox 337 1940 463 1981; x_wconf 83' lang='lat' dir='ltr'>esset,</span> <span class='ocrx_word' id='word_1_223' title='bbox 495 1933 821 1987; x_wconf 88' lang='lat' dir='ltr'>iniungebantur</span> <span class='ocrx_word' id='word_1_224' title='bbox 845 1934 1082 1987; x_wconf 88' lang='lat' dir='ltr'>humusque</span> <span class='ocrx_word' id='word_1_225' title='bbox 1106 1935 1277 1989; x_wconf 87' lang='lat' dir='ltr'>insuper</span> <span class='ocrx_word' id='word_1_226' title='bbox 1300 1935 1559 1975; x_wconf 87' lang='lat' dir='ltr'>iniciebatur.</span> 
     </span>
     <span class='ocr_line' id='line_1_33' title="bbox 205 1994 1561 2050; baseline 0.001 -16"><span class='ocrx_word' id='word_1_227' title='bbox 205 1994 370 2035; x_wconf 86' lang='lat' dir='ltr'>modico</span> <span class='ocrx_word' id='word_1_228' title='bbox 390 1994 539 2035; x_wconf 89' lang='lat' dir='ltr'>deinde</span> <span class='ocrx_word' id='word_1_229' title='bbox 560 1995 667 2036; x_wconf 78' lang='lat' dir='ltr'>infra</span> <span class='ocrx_word' id='word_1_230' title='bbox 687 1995 903 2036; x_wconf 87' lang='lat' dir='ltr'>intervallo</span> <span class='ocrx_word' id='word_1_231' title='bbox 925 1996 1068 2036; x_wconf 84' lang='lat' dir='ltr'>similis</span> <span class='ocrx_word' id='word_1_232' title='bbox 1091 1997 1195 2037; x_wconf 89' lang='lat' dir='ltr'>alter</span> <span class='ocrx_word' id='word_1_233' title='bbox 1219 2011 1338 2050; x_wconf 87' lang='lat' dir='ltr'>pons,</span> <span class='ocrx_word' id='word_1_234' title='bbox 1365 1996 1460 2036; x_wconf 84' lang='lat' dir='ltr'>dein</span> <span class='ocrx_word' id='word_1_235' title='bbox 1481 2004 1561 2036; x_wconf 90' lang='lat' dir='ltr'>ter-</span> 
     </span>
     <span class='ocr_line' id='line_1_34' title="bbox 206 2057 1558 2111; baseline 0 -14"><span class='ocrx_word' id='word_1_236' title='bbox 206 2057 301 2105; x_wconf 89' lang='lat' dir='ltr'>tius,</span> <span class='ocrx_word' id='word_1_237' title='bbox 323 2063 362 2097; x_wconf 92' lang='lat' dir='ltr'>et</span> <span class='ocrx_word' id='word_1_238' title='bbox 383 2057 520 2110; x_wconf 88' lang='lat' dir='ltr'>plures</span> <span class='ocrx_word' id='word_1_239' title='bbox 541 2072 591 2097; x_wconf 85' lang='lat' dir='ltr'>ex</span> <span class='ocrx_word' id='word_1_240' title='bbox 613 2057 770 2105; x_wconf 87' lang='lat' dir='ltr'>ordine,</span> <span class='ocrx_word' id='word_1_241' title='bbox 785 2071 869 2110; x_wconf 88' lang='lat' dir='ltr'>qua</span> <span class='ocrx_word' id='word_1_242' title='bbox 886 2072 1012 2111; x_wconf 90' lang='lat' dir='ltr'>rupes</span> <span class='ocrx_word' id='word_1_243' title='bbox 1033 2057 1219 2098; x_wconf 87' lang='lat' dir='ltr'>abscisae</span> <span class='ocrx_word' id='word_1_244' title='bbox 1240 2066 1370 2104; x_wconf 85' lang='lat' dir='ltr'>erant,</span> <span class='ocrx_word' id='word_1_245' title='bbox 1390 2058 1558 2098; x_wconf 90' lang='lat' dir='ltr'>fiebant.</span> 
     </span>
     <span class='ocr_line' id='line_1_35' title="bbox 207 2118 1561 2172; baseline 0 -14"><span class='ocrx_word' id='word_1_246' title='bbox 207 2118 339 2159; x_wconf 87' lang='lat' dir='ltr'>solido</span> <span class='ocrx_word' id='word_1_247' title='bbox 365 2119 616 2172; x_wconf 83' lang='lat' dir='ltr'>procedebat</span> <span class='ocrx_word' id='word_1_248' title='bbox 638 2119 882 2172; x_wconf 84' lang='lat' dir='ltr'>elephantus</span> <span class='ocrx_word' id='word_1_249' title='bbox 902 2119 944 2158; x_wconf 93' lang='lat' dir='ltr'>in</span> <span class='ocrx_word' id='word_1_250' title='bbox 963 2127 1152 2172; x_wconf 69' lang='lat' dir='ltr'>pontem,</span> <span class='ocrx_word' id='word_1_251' title='bbox 1180 2119 1297 2158; x_wconf 85' lang='lat' dir='ltr'>cuius</span> <span class='ocrx_word' id='word_1_252' title='bbox 1316 2119 1561 2172; x_wconf 81' lang='lat' dir='ltr'>priusquam</span> 
     </span>
     <span class='ocr_line' id='line_1_36' title="bbox 207 2180 1560 2234; baseline 0 -14"><span class='ocrx_word' id='word_1_253' title='bbox 207 2180 249 2220; x_wconf 91' lang='lat' dir='ltr'>in</span> <span class='ocrx_word' id='word_1_254' title='bbox 263 2188 493 2221; x_wconf 87' lang='lat' dir='ltr'>extremum</span> <span class='ocrx_word' id='word_1_255' title='bbox 515 2180 770 2234; x_wconf 83' lang='lat' dir='ltr'>procederet,</span> <span class='ocrx_word' id='word_1_256' title='bbox 793 2180 963 2220; x_wconf 80' lang='lat' dir='ltr'>succisis</span> <span class='ocrx_word' id='word_1_257' title='bbox 984 2180 1192 2221; x_wconf 86' lang='lat' dir='ltr'>asseribus</span> <span class='ocrx_word' id='word_1_258' title='bbox 1215 2181 1436 2234; x_wconf 89' lang='lat' dir='ltr'>conlapsus</span> <span class='ocrx_word' id='word_1_259' title='bbox 1457 2196 1560 2234; x_wconf 86' lang='lat' dir='ltr'>pons</span> 
     </span>
     <span class='ocr_line' id='line_1_37' title="bbox 208 2241 1562 2297; baseline 0.001 -15"><span class='ocrx_word' id='word_1_260' title='bbox 208 2257 341 2295; x_wconf 86' lang='lat' dir='ltr'>usque</span> <span class='ocrx_word' id='word_1_261' title='bbox 374 2241 468 2297; x_wconf 88' lang='lat' dir='ltr'>[ad]</span> <span class='ocrx_word' id='word_1_262' title='bbox 507 2242 676 2284; x_wconf 87' lang='lat' dir='ltr'>alterius</span> <span class='ocrx_word' id='word_1_263' title='bbox 712 2242 876 2282; x_wconf 87' lang='lat' dir='ltr'>initium</span> <span class='ocrx_word' id='word_1_264' title='bbox 914 2242 1051 2296; x_wconf 90' lang='lat' dir='ltr'>pontis</span> <span class='ocrx_word' id='word_1_265' title='bbox 1089 2242 1252 2296; x_wconf 85' lang='lat' dir='ltr'>prolabi</span> <span class='ocrx_word' id='word_1_266' title='bbox 1284 2257 1379 2283; x_wconf 89' lang='lat' dir='ltr'>eum</span> <span class='ocrx_word' id='word_1_267' title='bbox 1414 2242 1562 2283; x_wconf 87' lang='lat' dir='ltr'>leniter</span> 
     </span>
     <span class='ocr_line' id='line_1_38' title="bbox 210 2305 1561 2359; baseline 0 -14"><span class='ocrx_word' id='word_1_268' title='bbox 210 2305 398 2359; x_wconf 80' lang='lat' dir='ltr'>cogebat.</span> <span class='ocrx_word' id='word_1_269' title='bbox 459 2305 527 2345; x_wconf 92' lang='lat' dir='ltr'>alii</span> <span class='ocrx_word' id='word_1_270' title='bbox 553 2305 762 2358; x_wconf 87' lang='lat' dir='ltr'>elephanti</span> <span class='ocrx_word' id='word_1_271' title='bbox 785 2305 961 2359; x_wconf 84' lang='lat' dir='ltr'>pedibus</span> <span class='ocrx_word' id='word_1_272' title='bbox 987 2305 1243 2354; x_wconf 89' lang='lat' dir='ltr'>insistentes,</span> <span class='ocrx_word' id='word_1_273' title='bbox 1276 2305 1345 2345; x_wconf 88' lang='lat' dir='ltr'>alii</span> <span class='ocrx_word' id='word_1_274' title='bbox 1370 2305 1561 2346; x_wconf 88' lang='lat' dir='ltr'>clunibus</span> 
     </span>
     <span class='ocr_line' id='line_1_39' title="bbox 210 2366 1561 2422; baseline 0.001 -16"><span class='ocrx_word' id='word_1_275' title='bbox 210 2366 470 2409; x_wconf 82' lang='lat' dir='ltr'>subsidentes</span> <span class='ocrx_word' id='word_1_276' title='bbox 508 2367 845 2421; x_wconf 86' lang='lat' dir='ltr'>prolabebantur.</span> <span class='ocrx_word' id='word_1_277' title='bbox 917 2367 991 2407; x_wconf 92' lang='lat' dir='ltr'>ubi</span> <span class='ocrx_word' id='word_1_278' title='bbox 1031 2367 1222 2420; x_wconf 86' lang='lat' dir='ltr'>planities</span> <span class='ocrx_word' id='word_1_279' title='bbox 1261 2367 1389 2407; x_wconf 86' lang='lat' dir='ltr'>altera</span> <span class='ocrx_word' id='word_1_280' title='bbox 1425 2368 1561 2422; x_wconf 87' lang='lat' dir='ltr'>pontis</span> 
     </span>
     <span class='ocr_line' id='line_1_40' title="bbox 210 2428 1563 2483; baseline 0.001 -15"><span class='ocrx_word' id='word_1_281' title='bbox 210 2429 440 2482; x_wconf 85' lang='lat' dir='ltr'>excepisset</span> <span class='ocrx_word' id='word_1_282' title='bbox 460 2443 543 2477; x_wconf 89' lang='lat' dir='ltr'>eos,</span> <span class='ocrx_word' id='word_1_283' title='bbox 568 2443 711 2468; x_wconf 84' lang='lat' dir='ltr'>rursus</span> <span class='ocrx_word' id='word_1_284' title='bbox 732 2428 854 2468; x_wconf 90' lang='lat' dir='ltr'>simili</span> <span class='ocrx_word' id='word_1_285' title='bbox 872 2429 992 2468; x_wconf 88' lang='lat' dir='ltr'>ruina</span> <span class='ocrx_word' id='word_1_286' title='bbox 1012 2428 1217 2469; x_wconf 86' lang='lat' dir='ltr'>inferioris</span> <span class='ocrx_word' id='word_1_287' title='bbox 1242 2429 1379 2483; x_wconf 88' lang='lat' dir='ltr'>pontis</span> <span class='ocrx_word' id='word_1_288' title='bbox 1402 2429 1563 2470; x_wconf 84' lang='lat' dir='ltr'>defere-</span> 
     </span>
     <span class='ocr_line' id='line_1_41' title="bbox 210 2491 1562 2546; baseline 0.001 -15"><span class='ocrx_word' id='word_1_289' title='bbox 210 2491 374 2539; x_wconf 85' lang='lat' dir='ltr'>bantur,</span> <span class='ocrx_word' id='word_1_290' title='bbox 401 2491 533 2532; x_wconf 89' lang='lat' dir='ltr'>donee</span> <span class='ocrx_word' id='word_1_291' title='bbox 553 2491 605 2531; x_wconf 87' lang='lat' dir='ltr'>ad</span> <span class='ocrx_word' id='word_1_292' title='bbox 631 2491 868 2543; x_wconf 87' lang='lat' dir='ltr'>aequiorem</span> <span class='ocrx_word' id='word_1_293' title='bbox 888 2492 1039 2532; x_wconf 85' lang='lat' dir='ltr'>vallem</span> <span class='ocrx_word' id='word_1_294' title='bbox 1058 2500 1305 2546; x_wconf 88' lang='lat' dir='ltr'>perventum</span> <span class='ocrx_word' id='word_1_295' title='bbox 1325 2499 1399 2533; x_wconf 87' lang='lat' dir='ltr'>est.</span> <span class='ocrx_word' id='word_1_296' title='bbox 1437 2493 1562 2546; x_wconf 90' lang='lat' dir='ltr'>paulo</span> 
     </span>
     <span class='ocr_line' id='line_1_42' title="bbox 209 2553 1561 2608; baseline 0.001 -15"><span class='ocrx_word' id='word_1_297' title='bbox 209 2554 302 2608; x_wconf 88' lang='lat' dir='ltr'>plus</span> <span class='ocrx_word' id='word_1_298' title='bbox 339 2560 498 2607; x_wconf 88' lang='lat' dir='ltr'>septem</span> <span class='ocrx_word' id='word_1_299' title='bbox 534 2553 649 2593; x_wconf 86' lang='lat' dir='ltr'>milia</span> <span class='ocrx_word' id='word_1_300' title='bbox 685 2553 750 2594; x_wconf 91' lang='lat' dir='ltr'>die</span> <span class='ocrx_word' id='word_1_301' title='bbox 781 2554 961 2594; x_wconf 86' lang='lat' dir='ltr'>Romani</span> <span class='ocrx_word' id='word_1_302' title='bbox 996 2562 1306 2608; x_wconf 86' lang='lat' dir='ltr'>processerunt;</span> <span class='ocrx_word' id='word_1_303' title='bbox 1343 2554 1561 2595; x_wconf 88' lang='lat' dir='ltr'>minimum</span> 
     </span>
     <span class='ocr_line' id='line_1_43' title="bbox 211 2614 1560 2670; baseline 0.001 -17"><span class='ocrx_word' id='word_1_304' title='bbox 211 2615 387 2669; x_wconf 86' lang='lat' dir='ltr'>pedibus</span> <span class='ocrx_word' id='word_1_305' title='bbox 419 2614 575 2655; x_wconf 87' lang='lat' dir='ltr'>itineris</span> <span class='ocrx_word' id='word_1_306' title='bbox 609 2614 858 2655; x_wconf 84' lang='lat' dir='ltr'>confectum.</span> <span class='ocrx_word' id='word_1_307' title='bbox 918 2615 1167 2670; x_wconf 85' lang='lat' dir='ltr'>plerumque</span> <span class='ocrx_word' id='word_1_308' title='bbox 1198 2616 1490 2670; x_wconf 86' lang='lat' dir='ltr'>provolventes</span> <span class='ocrx_word' id='word_1_309' title='bbox 1518 2630 1560 2655; x_wconf 90' lang='lat' dir='ltr'>se</span> 
     </span>
    </p>
   </div>
   <div class='ocr_carea' id='block_1_10' title="bbox 1586 1822 1605 1849">
    <p class='ocr_par' dir='ltr' id='par_1_11' title="bbox 1586 1822 1605 1849">
     <span class='ocr_line' id='line_1_44' title="bbox 1586 1822 1605 1849; baseline 0 0"><span class='ocrx_word' id='word_1_310' title='bbox 1586 1822 1605 1849; x_wconf 73' lang='lat'>4</span> 
     </span>
    </p>
   </div>
   <div class='ocr_carea' id='block_1_11' title="bbox 1590 2318 1604 2345">
    <p class='ocr_par' dir='ltr' id='par_1_12' title="bbox 1590 2318 1604 2345">
     <span class='ocr_line' id='line_1_45' title="bbox 1590 2318 1604 2345; textangle 90"><span class='ocrx_word' id='word_1_311' title='bbox 1590 2318 1604 2345; x_wconf 57' lang='lat' dir='ltr'>*l</span> 
     </span>
    </p>
   </div>
   <div class='ocr_carea' id='block_1_12' title="bbox 1589 2502 1607 2531">
    <p class='ocr_par' dir='ltr' id='par_1_13' title="bbox 1589 2502 1607 2531">
     <span class='ocr_line' id='line_1_46' title="bbox 1589 2502 1607 2531; baseline 0 0"><span class='ocrx_word' id='word_1_312' title='bbox 1589 2502 1607 2531; x_wconf 74' lang='lat'>8</span> 
     </span>
    </p>
   </div>
  </div>
 </body>
</html>
