1804 2926
265 143 343 183 126
518 153 670 187 LIBER
694 154 941 197 xxxxssll,
970 154 1021 188 21.
1045 154 1099 187 22.
1128 157 1176 197 [a.
1191 166 1222 188 u.
1238 166 1267 189 c.
1282 156 1363 199 586]

216 271 233 298 21
261 255 440 295 vinciam
465 255 792 309 proficiscantur.
831 257 997 297 additus
1023 265 1082 298 est
1109 257 1172 298 his
1197 258 1343 299 tertius
1363 258 1415 298 L.
1438 258 1612 299 Anicius

259 324 445 371 praetor,
482 316 599 357 cuius
632 317 738 359 inter
769 319 1011 373 peregrinos
1042 319 1270 360 iurisdictio
1301 327 1387 361 erat
1397 336 1408 369 3
1445 335 1541 361 eum
1571 320 1613 360 in

258 378 517 432 provinciam
541 379 758 433 Illyricum
784 381 894 421 circa
918 380 1188 434 Lychnidum
1208 383 1292 436 Ap.
1315 381 1495 423 Claudio
1521 396 1614 423 suc-

214 455 232 482 ῑ»
260 439 407 481 cedere
431 440 601 494 placuit.
638 441 812 482 dilectus
838 456 938 482 cura
964 440 1014 483 C.
1041 442 1207 483 Licinio
1234 444 1394 484 consuli
1419 443 1612 497 inposita.

259 501 293 541 is
319 509 478 556 septem
512 503 626 543 milia
658 503 812 544 civium
837 504 1123 546 Romanorum
1155 514 1196 546 et
1227 506 1386 560 equites
1412 506 1613 547 ducentos

216 578 233 605 6
260 564 440 605 scribere
465 565 615 614 iussus,
642 573 682 606 et
708 566 829 607 sociis
854 567 1032 608 nominis
1052 567 1195 608 Latini
1221 576 1380 622 septem
1405 568 1519 609 milia
1542 583 1615 623 pc-

217 641 232 668 7
260 625 394 666 ditum
424 626 650 681 imperare,
687 628 1014 683 quadringentos
1045 629 1224 682 equites,
1263 638 1303 670 et
1329 628 1407 670 Cn.
1436 629 1613 671 Servilio

259 686 443 728 Galliam
457 688 659 743 optinenti
673 689 932 744 provinciam
945 691 1102 732 litteras
1125 691 1302 740 mittere,
1329 700 1373 732 ut
1405 698 1613 732 sescentos

214 764 233 793 8
260 750 420 803 equites
446 751 736 793 conscriberet.
785 751 896 793 hunc
921 753 1149 794 exercitum
1175 753 1228 793 ad
1254 754 1457 808 collegam
1481 754 1614 808 primo

258 826 427 865 quoque
452 820 638 867 tempore
662 815 827 855 mittere
852 815 894 855 in
908 815 1204 856 Macedoniam
1229 815 1385 856 iussus:
1410 829 1547 869 neque
1572 816 1615 855 in

259 888 308 914 ea
332 875 547 927 provincia
576 876 670 929 plus
702 890 829 929 quam
855 877 958 917 duas
990 877 1175 930 legiones
1202 892 1311 925 esse3
1349 892 1418 918 eas
1451 877 1614 931 repleri,

259 942 306 975 ut
331 950 431 976 sena
449 936 564 977 milia
588 937 788 991 peditum,
814 946 1002 978 trecenos
1027 938 1229 978 haberent
1251 938 1410 991 equites
1419 955 1430 988 3
1457 946 1615 980 ceteros

215 1012 232 1039 υ
258 997 418 1050 pedites
438 998 682 1051 equitesque
703 999 746 1039 in
769 999 986 1053 praesidiis
1007 999 1192 1053 disponi3
1222 1000 1295 1053 qui
1314 1014 1458 1041 eorum
1477 1000 1616 1040 idonei

258 1059 312 1098 ad
336 1059 600 1100 militandum
620 1075 704 1101 non
724 1068 875 1109 essent,
902 1060 1065 1101 dimitti.
1105 1061 1248 1102 decem
1268 1069 1483 1116 praeterea
1502 1061 1616 1102 milia

198 1134 233 1164 ιο
259 1120 449 1174 peditum
473 1121 676 1176 imperata
701 1122 823 1163 sociis
851 1130 889 1164 et
911 1123 1139 1177 octingenti
1161 1123 1334 1176 equites.
1371 1123 1415 1163 id
1434 1123 1616 1178 praesidi

258 1182 447 1223 additum
476 1183 630 1224 Anicio
661 1192 826 1238 praeter
858 1185 962 1225 duas
996 1185 1203 1239 legiones,
1241 1199 1344 1238 quas
1376 1194 1541 1239 portare
1573 1185 1615 1225 in

258 1243 555 1286 Macedoniam
581 1254 643 1287 est
667 1246 826 1295 iussus,
857 1247 985 1300 quina
1009 1247 1124 1288 milia
1155 1247 1342 1301 peditum
1367 1255 1407 1288 et
1433 1247 1615 1288 ducenos

258 1307 479 1356 habentes,
513 1316 701 1349 trecenos
728 1308 902 1362 equites.
963 1316 1003 1350 et
1027 1309 1070 1349 in
1095 1309 1271 1350 classem
1296 1309 1478 1362 quinque
1501 1309 1615 1349 milia

196 1383 229 1409 11
258 1369 470 1409 navalium
502 1370 661 1411 socisun
693 1379 790 1412 sunt
820 1371 987 1425 scripta.
1048 1371 1239 1412 Licinius
1277 1372 1420 1412 conqu
1452 1371 1614 1412 duabus

258 1431 494 1484 legionibus
519 1432 706 1486 optinere
736 1433 996 1486 provinciam
1026 1433 1164 1473 iussus
1175 1449 1185 1481 3
1223 1447 1272 1475 eo
1298 1433 1451 1474 addere
1484 1433 1615 1474 socio-

258 1507 351 1531 rum
377 1493 521 1533 decem
546 1493 661 1534 milia
684 1494 873 1547 peditum
899 1502 939 1535 et
964 1502 1174 1535 sescentos
1201 1494 1374 1547 equites.

218 1567 231 1594 1
344 1552 500 1594 XXII.
541 1554 722 1596 Senatus
745 1556 943 1596 consultis
962 1556 1157 1609 perfectis
1173 1555 1224 1595 L.
1240 1555 1447 1596 Aemilius
1469 1556 1611 1595 consul

259 1630 281 1655 e
296 1615 410 1656 curia
422 1616 464 1656 in
479 1616 714 1657 contionem
727 1617 929 1671 processit
943 1617 1255 1670 orationemque
1270 1617 1394 1658 talem
1408 1615 1612 1671 [habuit]

215 1692 233 1719 2
260 1678 622 1720 ‘animadvertisse
658 1679 820 1728 videor,
859 1678 1066 1731 Quirites,
1103 1679 1302 1720 maiorem
1337 1679 1439 1719 mihi
1471 1679 1613 1720 sortito

258 1740 556 1782 Macedoniam
580 1741 837 1796 provinciam
856 1742 1179 1796 gratulationem
1197 1742 1351 1783 factam
1373 1756 1499 1795 quam
1517 1756 1612 1782 cum

259 1810 332 1844 aut
363 1805 507 1844 consul
537 1819 631 1844 sum
661 1804 965 1853 consalutatus,
1002 1812 1074 1845 aut
1105 1818 1188 1857 quo
1222 1804 1287 1845 die
1323 1805 1613 1858 magistratum

215 1877 234 1905 3
258 1865 331 1905 inii
355 1865 506 1919 ipsum,
532 1879 669 1919 neque
693 1866 737 1906 id
756 1866 810 1905 ob
835 1866 959 1906 aliam
981 1880 1152 1906 causam
1177 1880 1302 1918 quam
1323 1865 1421 1918 quia
1445 1865 1554 1906 bello
1574 1866 1616 1905 in

258 1927 525 1976 Macedonia,
550 1928 663 1980 quod
689 1927 759 1967 diu
785 1927 974 1976 trahitur,
1000 1927 1266 1969 existimastis
1287 1927 1462 1982 dignum
1487 1927 1616 1968 maie—

259 1997 365 2030 state
396 1990 539 2044 populi
564 1989 744 2030 Romani
769 1989 928 2030 exitum
958 2005 1033 2044 per
1056 2005 1123 2031 me
1154 1990 1295 2044 inponi
1319 2004 1455 2044 posse.
1517 1989 1616 2030 deos

259 2066 427 2105 quoque
453 2051 550 2092 huic
581 2051 736 2093 favisse
766 2052 865 2092 sorti
891 2066 1012 2106 spero
1038 2052 1291 2105 eosdemque
1324 2052 1367 2092 in
1390 2051 1517 2092 rebus
1542 2066 1616 2105 ge-

215 2127 234 2154 4
258 2113 396 2154 rendis
438 2113 656 2154 adfuturos
699 2128 803 2154 esse.
873 2112 978 2154 haec
1023 2114 1175 2167 partim
1221 2113 1416 2161 ominari,
1465 2113 1616 2167 partim

260 2190 428 2230 sperare
458 2190 643 2230 possum.
702 2176 806 2217 illud
837 2176 1057 2217 adfirmare
1094 2191 1170 2230 pro
1209 2184 1321 2217 certo
1358 2175 1513 2223 audeo,
1551 2190 1617 2215 me

261 2238 373 2277 omni
398 2252 477 2292 ope
503 2237 747 2278 adnisurum
771 2253 875 2287 esse,
903 2236 996 2293 [ne]
1018 2238 1172 2278 frustra
1191 2252 1264 2278 vos
1289 2237 1396 2278 hanc
1422 2252 1539 2292 spem
1565 2237 1617 2278 de

217 2312 235 2339 5
261 2314 328 2339 me
362 2300 646 2353 conceperitis.
707 2314 815 2353 quae
847 2300 901 2340 ad
932 2300 1089 2341 bellum
1120 2314 1224 2354 opus
1255 2307 1350 2340 sunt
1377 2306 1418 2340 et
1448 2305 1617 2339 senatus

262 2360 457 2408 decrevit,
485 2368 522 2401 et
545 2362 742 2414 quoniam
763 2363 972 2416 extemplo
992 2361 1200 2416 proficisci
1222 2362 1360 2416 placet
1379 2374 1515 2413 neque
1537 2374 1615 2414 ego

262 2421 305 2460 in
330 2435 446 2461 mora
475 2436 586 2469 sum,
621 2421 670 2463 C.
697 2423 888 2464 Licinius
920 2424 1100 2477 collega,
1137 2423 1200 2463 vir
1230 2422 1444 2478 egregius,
1482 2435 1615 2475 aeque

219 2496 236 2523 o·
264 2482 384 2522 enixe
416 2483 579 2536 parabit
610 2499 658 2524 ac
690 2485 724 2524 si
754 2486 842 2539 ipse
873 2486 916 2526 id
947 2486 1101 2526 bellum
1133 2493 1328 2540 gesturus
1360 2492 1481 2526 esset.
1541 2497 1614 2524 vos

264 2557 371 2596 quae
404 2544 607 2597 scripsero
639 2547 801 2586 senatui
833 2555 905 2589 aut
935 2548 1053 2588 vobis
1088 2546 1158 2602 [ea
1182 2563 1281 2589 vera
1311 2546 1488 2588 credatis
1513 2559 1614 2599 rogo

264 2620 369 2645 neve
401 2603 609 2659 ru]mores
642 2607 884 2649 credulitate
918 2618 1056 2650 vestra
1086 2609 1224 2658 alatis,
1263 2623 1441 2662 quorum
1472 2616 1616 2648 auctor
