1804 2926
230 288 246 316 vl

229 413 246 440 Ξ)

230 600 246 627 (Ξ

230 723 245 751 J

227 970 245 997 S

227 1094 244 1122 9

212 1281 247 1307 lx)

213 1468 243 1494 11

214 2338 251 2365 14

215 2522 252 2550 12>

274 160 356 201 162
583 166 734 200 LIBER
761 166 965 210 XXXXV‚
996 166 1045 199 13.
1075 167 1123 208 [a.
1138 176 1170 198 u.
1188 176 1217 199 c.
1232 166 1314 209 586]

274 273 373 326 quid
394 271 644 325 imperatum
665 269 784 319 soret,
800 269 1039 310 adiuturum
1062 284 1203 323 regem
1224 268 1366 309 fuisse.
1398 268 1629 310 Ptolemaei

272 334 399 389 legati
413 332 623 375 communi
638 331 805 372 nomine
819 332 929 385 regis
944 339 982 372 ct
999 330 1248 386 Cleopatrae
1262 330 1419 384 gratias
1433 340 1629 385 egerunt:

273 397 366 451 plus
381 409 451 437 eos
474 394 635 436 senatui
657 394 896 448 populoque
911 394 1102 435 Romano
1118 408 1245 447 quam
1264 392 1509 447 parentibus
1530 393 1629 439 suis,

271 460 364 513 plus
391 473 516 511 quam
542 456 619 497 diis
651 455 955 496 immortalibus
981 456 1152 504 debere,
1187 470 1259 509 per
1284 469 1388 509 quos
1414 454 1629 495 obsidione

273 521 503 561 miserrima
524 518 687 560 liberati
702 526 853 566 essent,
879 532 1056 572 regnum
1077 517 1259 572 patrium
1279 532 1409 571 prope
1431 517 1629 557 amissum

275 582 561 638 [recepissent.
600 578 867 635 responsum]
885 579 939 620 ab
965 587 1112 621 senatu
1133 587 1208 628 est,
1234 579 1493 620 Antiochum
1518 586 1629 620 recte

274 654 399 700 atque
425 644 569 685 ordine
596 643 764 691 fecisse,
802 643 915 696 quod
939 642 1088 695 legatis
1114 642 1340 697 paruisset,
1378 649 1629 697 gratumque

274 708 317 748 id
353 722 443 749 esse
487 705 649 748 senatui
686 705 925 760 populoque
963 705 1175 753 Romano3
1218 704 1389 759 regibus
1427 703 1629 758 Aegypti,

271 770 517 812 Ptolemaeo
544 768 900 823 Cleopatraeque,
927 767 960 808 si
985 767 1086 820 quid
1111 782 1186 821 per
1211 782 1254 808 se
1280 767 1378 807 boni
1404 766 1631 807 commodi-

272 846 353 885 que
375 831 595 879 evenisset,
616 830 658 871 id
685 844 939 884 magnopere
960 836 1149 870 senatum
1169 829 1326 877 lactari,
1353 829 1630 882 daturumque

272 908 462 948 operam,
488 900 532 933 ut
558 892 679 946 regni
704 892 768 932 sui
793 891 1024 931 maximum
1051 906 1214 944 semper
1238 891 1494 944 praesidium
1519 890 1630 944 posi-

271 964 362 996 tum
387 970 476 996 csse
502 954 546 994 in
570 954 652 994 fide
678 953 822 1007 populi
847 953 1027 994 Romani
1053 953 1220 992 ducant.
1279 967 1456 993 munera
1480 952 1629 1006 legatis

272 1026 318 1058 ut
344 1033 395 1058 ex
420 1017 608 1057 instituto
628 1016 830 1056 mittenda
853 1022 1030 1064 curaret,
1054 1011 1103 1055 C.
1118 1015 1289 1069 Papirio
1308 1014 1489 1069 praetori
1514 1029 1631 1055 man—

272 1080 430 1121 datum.
468 1079 630 1120 litterae
652 1078 803 1119 deinde
821 1075 880 1132 [e]
897 1077 1151 1119 Macedonia
1176 1077 1339 1125 allatae,
1366 1091 1474 1130 quae
1499 1076 1629 1118 vieto-

271 1143 356 1183 riae
392 1141 592 1183 laetitiam
630 1139 916 1195 genfinarunt,
947 1139 1107 1181 Persea
1136 1154 1279 1194 regem
1309 1138 1352 1179 in
1382 1146 1630 1193 potestatem

274 1204 456 1245 consulis
482 1203 661 1244 venisse.

358 1265 554 1306 Dimissis
590 1264 741 1319 legatis
779 1263 1057 1318 disceptatum
1101 1264 1208 1304 inter
1244 1263 1422 1303 Pisanos
1459 1262 1632 1304 Lunen-

275 1343 425 1382 sesque
462 1328 644 1383 legatos,
684 1325 851 1366 Pisanis
889 1326 1160 1379 querentibus
1199 1340 1300 1380 agro
1338 1341 1381 1367 se
1415 1341 1438 1365 a
1475 1325 1631 1366 colonis

273 1391 474 1432 Romanis
514 1389 630 1444 pelli,
664 1388 936 1429 Lunensibus
974 1389 1291 1429 adfirmantibus
1330 1403 1426 1429 eum
1464 1388 1514 1428 de
1550 1402 1632 1440 quo

274 1461 424 1507 agatur
447 1452 499 1492 ab
521 1451 747 1492 triumviris
768 1466 917 1504 agrum
937 1450 1014 1490 sibi
1036 1451 1303 1505 adsignatum
1323 1465 1425 1491 esse.
1462 1457 1630 1490 senatus

274 1515 345 1568 qui
377 1515 428 1555 dc
462 1514 613 1554 finibus
647 1520 944 1566 cognoscerent
983 1521 1295 1564 statueremque
1333 1511 1631 1564 quinqueviros

276 1577 405 1623 misit,
437 1575 491 1628 Q.
518 1576 700 1616 Fabium
732 1575 987 1623 Buteonem,
1020 1574 1071 1614 P.
1100 1573 1343 1615 Cornelium
1375 1574 1630 1621 Blasionem,

275 1641 325 1680 T.
349 1639 646 1694 Sempronium
668 1639 884 1686 liiuscam,
911 1638 963 1678 L.
985 1638 1193 1679 Naevium
1214 1638 1410 1686 Balbum,
1438 1637 1488 1679 C.
1511 1638 1632 1693 Apu-

275 1703 402 1744 leium
429 1702 717 1744 Saturninum.

361 1763 417 1804 Et
444 1764 497 1804 ab
517 1764 707 1804 Eumene
734 1770 772 1804 ct
799 1762 852 1803 ab
874 1762 1019 1803 Attalo
1046 1770 1085 1804 et
1111 1762 1163 1802 ab
1185 1762 1407 1804 Athenaeo
1433 1762 1632 1803 fratribus

276 1827 509 1867 communis
535 1825 689 1879 legatio
718 1825 768 1866 de
795 1825 967 1865 victoria
992 1825 1250 1879 gratulatum
1276 1825 1401 1866 venit.
1451 1832 1489 1866 et
1515 1825 1634 1865 Mas-

275 1890 410 1944 gabae
425 1889 534 1943 regis
550 1888 803 1928 Masinissae
822 1887 920 1935 filio,
935 1887 1126 1928 Puteolis
1139 1903 1246 1928 nave
1261 1902 1443 1942 egresso,
1469 1895 1635 1942 praesto

278 1951 355 1992 fuit
376 1951 545 1992 obviam
570 1950 722 1990 missus
743 1964 837 1990 cum
857 1950 1035 2004 pecunia
1048 1949 1101 1990 L.
1116 1949 1302 1992 Manlius
1328 1958 1538 2003 quaestor,
1564 1948 1635 2002 qui

231 2026 248 2053 s,
275 2014 455 2054 Romam
481 2028 578 2054 eum
609 2012 778 2067 publico
810 2019 951 2052 sumtu
982 2012 1241 2066 perduceret.
1302 2012 1540 2053 advenienti
1565 2027 1636 2053 cx-

277 2076 433 2130 templo
460 2082 628 2116 senatus
660 2075 782 2115 datus
808 2083 883 2115 est.
936 2073 1030 2128 [ibi]
1058 2075 1092 2114 is
1118 2075 1364 2115 adulescens
1389 2074 1447 2115 ita
1470 2074 1634 2115 locutus

277 2146 357 2187 est,
394 2146 441 2178 ut
471 2152 579 2190 quae
610 2137 736 2178 rebus
762 2145 889 2191 <grata
914 2144 1050 2185 erant,
1086 2137 1271 2191 gratiora
1295 2136 1432 2178 verbis
1463 2136 1632 2177 faceret.

277 2199 632 2248 commemoravit,
658 2207 761 2253 quot
784 2199 946 2254 pedites
969 2199 1227 2253 equitesque,
1253 2206 1356 2252 quot
1376 2198 1634 2253 elephantos,

277 2271 481 2315 quantum
511 2262 710 2304 frumenti
741 2276 791 2303 eo
823 2261 1097 2315 quadriennio
1129 2269 1248 2316 pater
1283 2276 1383 2302 suus
1417 2261 1460 2301 in
1490 2261 1636 2302 hIace-

279 2324 446 2364 doniam
471 2324 669 2366 misisset:
709 2325 814 2365 duas
839 2339 904 2365 res
930 2324 968 2365 ei
993 2324 1135 2364 rubori
1161 2323 1310 2372 fuisse,
1341 2339 1489 2372 unam,
1523 2323 1636 2376 quod

277 2394 466 2439 rogasset
500 2401 595 2426 eum
626 2401 700 2441 per
731 2387 893 2440 legatos
925 2394 1093 2428 senatus
1124 2400 1232 2439 quae
1265 2385 1319 2427 ad
1348 2385 1506 2426 bellum
1531 2399 1635 2439 opus

278 2455 417 2487 essent
442 2455 482 2487 et
505 2462 590 2487 non
614 2448 864 2502 imperasset,
890 2449 1083 2496 alteram,
1111 2448 1225 2502 quod
1249 2447 1472 2503 pecuniam
1498 2447 1535 2488 ei
1560 2460 1634 2502 pro

279 2508 488 2548 frumento
514 2509 706 2549 misisset.
743 2510 1015 2551 BIasinissam
1042 2510 1279 2552 meminisse
1310 2525 1488 2565 regnum
1514 2524 1538 2549 a
1561 2522 1635 2562 po-

280 2570 378 2623 pulo
394 2570 585 2610 Romano
606 2580 770 2624 partum
790 2580 1044 2625 auctumque
1065 2580 1107 2613 et
1126 2572 1448 2626 multiplicatum
1466 2570 1634 2617 habere,

279 2647 358 2672 usu
390 2632 509 2687 regni
541 2642 781 2674 contentum
814 2634 937 2683 scire,
972 2634 1202 2675 dominium
1229 2644 1266 2675 et
1299 2634 1363 2674 ius
1394 2647 1536 2674 eorum
1563 2631 1634 2684 qui
