1804 2926
284 169 362 209 148
526 177 677 211 LIBER
703 176 948 219 XXXXIIII,
975 176 1048 209 43-
1066 176 1120 209 45.
1148 179 1197 217 [a.
1213 186 1246 208 11.
1263 187 1291 209 e.
1307 175 1391 217 586]

280 290 375 321 ante
401 281 537 321 lucem
562 279 724 319 Axium
750 295 914 320 amnem
948 279 1135 328 traicere,
1163 294 1258 320 eum
1284 279 1408 320 finem
1434 278 1633 331 sequendi

279 351 447 397 propter
472 341 763 382 difficultatem
787 342 984 382 transitus
1010 342 1098 382 fore
1123 349 1237 381 ratus
1263 340 1478 382 Romanis.

237 419 249 446 1
362 404 662 445 XXXXHH.
702 402 945 451 Consulem,
973 418 1067 444 cum
1088 419 1131 444 se
1151 404 1193 443 in
1217 412 1351 444 castra
1370 404 1502 444 victor
1521 417 1635 444 rece·

278 466 425 521 pisset‚
455 481 507 506 ne
539 466 699 506 sincero
723 465 878 519 gaudio
904 465 1130 513 frueretur,
1166 480 1265 506 cura
1291 466 1341 506 de
1366 465 1525 505 minore
1549 464 1634 504 filio

236 546 252 572 2
280 528 532 569 stimulabat.
592 527 643 567 P.
671 526 813 581 Scipio
844 527 878 566 is
904 534 1009 574 erat,
1041 526 1269 567 Africanus
1295 535 1336 567 et
1367 527 1456 581 ipsc
1489 533 1635 580 postea

281 591 417 632 deleta
454 588 711 643 Carthagine
756 588 1008 643 appellatuS,
1054 588 1254 629 naturalis
1291 587 1473 629 consulis
1509 587 1634 628 Pauli

235 666 253 695 3
279 652 402 701 filius,
428 651 649 705 adoptione
676 650 865 691 Africani
892 665 1035 704 nepos.
1086 650 1120 690 is
1146 658 1385 704 septumum
1411 649 1635 690 decumum

278 721 378 754 tunc
415 729 571 754 annum
604 728 752 766 agens,
790 712 904 765 quod
940 713 1076 766 ipsum
1114 727 1258 753 curam
1294 712 1498 766 augebat,
1535 711 1635 751 dum

282 776 413 816 effuse
450 775 637 828 sequitur
673 775 832 823 hostes,
876 775 919 814 in
954 782 1114 828 partem
1152 774 1277 814 aliam
1312 774 1435 814 turba
1471 773 1635 814 ablatus

280 845 385 886 erat3
412 844 451 877 et
477 836 608 877 serius
630 851 725 876 eum
746 836 933 883 redisset,
959 845 1059 876 tune
1079 836 1262 884 demum,
1287 844 1454 889 recepto
1481 835 1635 890 sospite

281 900 377 949 filio,
403 899 600 939 victoriae
626 907 765 939 tantae
790 899 991 952 gaudium
1019 900 1163 938 consul
1189 898 1328 939 sensit.

235 975 254 1004 4
363 960 655 1015 Amphipolim
681 974 778 1001 cum
802 960 885 1000 iam
911 960 1023 1000 fama
1048 974 1216 1014 pugnae
1242 959 1511 1014 pervenisset,
1538 973 1637 1000 con-

281 1036 510 1075 cursusque
536 1030 819 1062 matronarum
844 1021 885 1061 in
912 1022 1115 1076 templum
1130 1021 1309 1070 Dianae,
1336 1035 1461 1074 quam
1475 1021 1638 1061 Tauro-

279 1085 405 1139 polon
441 1091 612 1133 vocant,
649 1083 703 1124 ad
734 1098 857 1138 opem
889 1083 1197 1138 exposcendam
1234 1083 1370 1131 fieret,
1408 1083 1635 1131 Diodorus,

280 1147 352 1200 qui
371 1152 563 1201 praeerat
581 1145 688 1194 urbi,
714 1153 904 1186 metuens
929 1161 981 1186 ne
996 1145 1196 1193 Thraces,
1225 1159 1403 1198 quorum
1422 1145 1504 1185 duo
1524 1145 1639 1186 milia

279 1209 322 1249 in
340 1208 547 1263 praesidio
563 1215 692 1256 erant,
720 1208 865 1249 urbem
885 1208 927 1248 111
948 1209 1130 1248 tumultu
1153 1209 1391 1263 diriperent,
1419 1209 1471 1249 ab
1492 1209 1638 1249 subor-

279 1280 378 1312 nato
408 1271 462 1312 ab
493 1285 537 1312 se
568 1285 643 1325 per
671 1270 882 1311 fallaciam
914 1270 955 1311 in
987 1271 1178 1311 tabellari
1205 1271 1386 1325 speciem
1412 1271 1568 1312 litteras
1593 1271 1636 1311 in

236 1347 254 1376 5
281 1334 372 1374 foro
398 1333 534 1375 medio
560 1333 733 1387 accepit.
796 1333 995 1387 scriptum
1027 1333 1069 1373 iu
1102 1333 1151 1374 iis
1178 1342 1286 1383 erat,
1319 1334 1372 1374 ad
1396 1333 1638 1374 Emathiam

281 1396 456 1437 classem
480 1395 716 1436 Romanam
742 1395 960 1450 adpulsam
993 1411 1082 1436 esse
1108 1410 1314 1450 agrosque
1341 1396 1449 1437 circa
1475 1395 1636 1436 vexari:

281 1473 398 1499 orare
423 1458 657 1512 praefectos
672 1457 908 1506 Emathiae,
934 1466 978 1498 ut
1004 1459 1259 1512 praesidium
1280 1459 1479 1500 adversus
1503 1473 1638 1513 popu-

239 1534 256 1564 6
282 1521 433 1561 latores
466 1520 615 1560 mittat.
674 1519 738 1559 his
769 1520 885 1560 lectis
917 1519 1106 1560 hortatur
1132 1520 1338 1569 Thracas,
1369 1528 1415 1560 ut
1441 1520 1495 1560 ad
1519 1529 1638 1561 tuen-

283 1583 379 1623 dam
393 1582 615 1623 Emathiae
640 1596 755 1622 oram
781 1582 1116 1636 proficiscantur:
1148 1597 1346 1636 magnam
1371 1597 1441 1623 eos
1467 1583 1638 1623 caedem

282 1644 564 1700 praedamque
598 1644 746 1698 palatis
776 1644 932 1698 passim
963 1659 1038 1698 per
1063 1659 1186 1698 agros
1212 1644 1413 1685 Romanis
1439 1644 1636 1685 facturos,

240 1719 256 1748 7
284 1707 407 1748 simul
433 1707 565 1747 elevat
592 1706 748 1746 famam
773 1706 973 1747 adversae
997 1721 1185 1761 pugnae:
1212 1720 1319 1759 quae
1341 1706 1375 1746 si
1400 1721 1499 1747 vera
1518 1707 1638 1754 foret,

239 1782 257 1812 8
285 1770 412 1811 alium
438 1784 562 1823 super
587 1769 714 1809 alium
739 1776 925 1810 recentes
952 1784 1004 1810 ex
1029 1769 1132 1823 fuga
1157 1776 1354 1810 venturos
1379 1768 1521 1810 fuisse.
1564 1783 1639 1823 per

283 1832 391 1873 hane
417 1846 586 1872 causam
606 1831 841 1872 Thracibus
869 1831 1085 1885 ablegatis,
1112 1831 1235 1872 simul
1261 1839 1542 1886 transgressos
1568 1846 1638 1873 eos

285 1894 553 1949 Strymonem
580 1894 697 1941 vidit,
723 1902 865 1947 portas
891 1893 1053 1934 clausit.

242 1969 255 1997 1
367 1955 617 1997 XXXXV.
655 1955 798 1996 Tertio
830 1955 895 1996 die
921 1955 1102 1996 Perseus
1136 1970 1262 2008 quam
1293 1962 1528 2010 pugnatum
1554 1964 1642 1997 erat

279 2017 574 2073 Amphipolim
599 2018 725 2058 venit.
786 2017 883 2058 inde
908 2025 1092 2058 oratores
1119 2032 1214 2058 cum
1240 2017 1424 2058 caduceo
1450 2018 1504 2058 ad
1527 2017 1642 2058 Pau-

238 2091 256 2121 2
282 2081 369 2121 lum
405 2080 529 2120 misit.
589 2080 755 2122 interim
791 2080 974 2135 Hippias
1013 2088 1052 2121 01
1090 2080 1243 2120 Midon
1281 2087 1321 2121 et
1353 2080 1640 2129 Pantauchus,

283 2143 490 2198 principes
517 2141 747 2182 amicorum
772 2142 903 2196 regis,
935 2142 1162 2190 Beroeam,
1196 2156 1279 2195 quo
1305 2157 1357 2183 ex
1382 2142 1470 2183 acie
1495 2142 1642 2183 confu-

284 2212 452 2258 gerant,
477 2203 557 2258 ipsi
582 2203 636 2245 ad
661 2205 876 2245 consulem
900 2197 1077 2259 profecti
1102 2204 1303 2245 Romanis
1329 2204 1500 2245 dedunt.
1562 2203 1641 2244 hoc

284 2267 394 2307 idem
431 2274 471 2307 et
508 2266 577 2306 alii
614 2266 822 2320 deinceps.
877 2275 991 2307 metu
1028 2266 1210 2320 perculsi
1246 2266 1451 2320 parabant
1487 2265 1637 2307 facere.

242 2339 259 2367 3
286 2328 429 2367 consul
461 2328 616 2369 nuntiis
649 2328 846 2369 victoriae
881 2327 934 2380 Q.
960 2328 1094 2369 Fabio
1126 2328 1210 2368 filio
1243 2336 1283 2369 et
1308 2328 1360 2368 L.
1387 2327 1570 2368 Lentulo
1603 2334 1643 2368 et

287 2388 342 2439 Q.
374 2388 548 2429 Metello
585 2404 681 2429 cum
725 2389 872 2431 litteris
909 2390 1090 2431 Romam
1128 2391 1265 2430 missls
1303 2389 1435 2444 spolia
1470 2389 1642 2430 iacentis

242 2463 262 2493 4
287 2450 468 2490 hostium
494 2451 698 2491 exercitus
725 2452 935 2505 peditibus
962 2453 1179 2501 concessit,
1206 2452 1415 2506 equitibus
1441 2451 1642 2506 praedam

288 2511 541 2552 circumiecti
567 2513 676 2566 agri,
711 2514 810 2554 dum
834 2530 886 2555 ne
913 2514 1092 2568 amplius
1120 2515 1282 2555 duabus
1307 2513 1500 2554 noctibus
1527 2528 1552 2553 a
1576 2527 1643 2553 ca-

289 2573 382 2613 stris
421 2573 626 2614 abessent.
698 2574 786 2628 ipse
824 2577 994 2630 propius
1039 2591 1152 2618 mare
1189 2577 1242 2617 ad
1277 2576 1473 2629 Pydnam
1509 2582 1644 2615 castra

246 2649 263 2677 5
289 2635 430 2676 movit.
478 2635 641 2677 Beroea
666 2636 868 2690 primum,
895 2638 1044 2678 deinde
1071 2638 1371 2679 Thessalonica
1395 2644 1433 2677 et
1458 2636 1578 2676 Pella
1603 2644 1642 2676 ct
