1804 2926
182 691 199 718 *l

181 998 198 1027 9

160 1122 200 1151 10

162 1372 194 1400 ll

181 1932 199 1960 to

230 192 283 232 14
514 200 666 234 LIBER
690 199 877 243 XXXXI,
906 201 958 234 15.
982 202 1033 234 16.
1063 203 1110 243 [a.
1124 212 1156 235 u.
1172 212 1201 234 c.
1216 202 1298 244 578]

228 303 279 345 L.
300 304 497 359 Papirius
522 303 647 344 Maso
672 303 890 352 urbanam,
915 303 978 344 M.
992 304 1184 344 Aburius
1209 304 1316 345 inter
1341 304 1582 358 peregrinos

227 367 359 407 sortiti
390 378 499 407 sunt.
565 366 628 405 M.
656 364 877 406 Cornelius
912 366 1054 421 Scipio
1085 366 1396 419 Maluginensis
1426 365 1583 420 Hispa-

227 429 339 469 niam
376 427 634 475 ulteriorem,
673 428 725 468 L.
758 428 971 481 Aquillius
1012 427 1161 468 Gallus
1201 429 1387 469 Siciliam
1423 428 1581 468 habuit.

228 490 310 530 duo
339 489 551 544 deprecati
577 497 691 538 sunt,
724 504 776 530 ne
807 490 850 530 in
874 489 1110 544 provincias
1136 490 1262 539 irent,
1286 490 1350 530 M.
1375 489 1582 544 Popillius

226 552 269 592 in
295 551 554 593 Sardiniam:
589 550 832 592 Gracchum
865 567 957 592 eam
982 552 1240 606 provinciam
1265 566 1436 606 pacare,
1468 551 1506 592 ei
1530 551 1581 591 T.

225 614 459 655 Aebutium
494 622 729 668 praetorem
764 613 996 655 adiutorem
1034 614 1087 654 ab
1125 622 1272 655 senatu
1304 614 1448 654 datum
1478 627 1582 654 esse.

225 676 470 730 interrumpi
506 685 692 717 tenorem
729 691 890 725 rerum,
928 676 971 716 in
1007 676 1159 729 quibus
1198 676 1447 731 peragendis
1485 689 1584 717 con—

227 738 402 778 tinuatio
427 738 519 792 ipsa
543 738 834 779 efficacissima
859 746 981 787 esset,
1006 739 1176 780 minime
1204 739 1438 780 convenire.
1476 738 1583 779 inter

226 800 492 841 traditionem
523 800 672 854 imperi
709 800 1021 854 novitatemque
1060 800 1331 850 successoris,
1369 814 1478 853 quae
1507 813 1583 840 no-

226 862 388 902 scendis
425 862 540 916 prius
577 876 704 915 quam
736 862 910 916 agendis
940 863 1065 902 rebus
1103 862 1316 904 inbuenda
1341 862 1420 911 sit,
1458 876 1582 915 saepe

228 922 331 964 bene
355 923 564 977 gerendae
588 924 649 964 rei
674 924 913 964 occasiones
938 923 1198 964 intercidere.
1235 924 1411 978 probata
1428 923 1582 978 Popilli

226 985 439 1025 excusatio
465 993 539 1026 est.
599 985 650 1025 P.
677 985 867 1025 Licinius
895 984 1074 1027 Crassus
1101 985 1297 1026 sacrificis
1323 1000 1367 1026 se
1391 984 1582 1039 impediri

225 1047 494 1088 sollemnibus
531 1047 779 1096 excusabat,
817 1062 870 1088 ne
903 1047 946 1087 in
976 1046 1236 1101 provinciam
1267 1046 1357 1088 iret.
1419 1046 1583 1088 citerior

225 1109 432 1163 Hispania
464 1109 706 1151 obvenerat.
767 1116 953 1150 ceterum
986 1117 1058 1149 aut
1082 1108 1142 1150 ire
1173 1109 1310 1150 iussus
1345 1116 1418 1149 aut
1446 1107 1585 1149 iurare

225 1186 300 1225 pro
327 1171 541 1220 contione,
574 1170 765 1212 sollemni
790 1170 993 1212 sacrificio
1019 1186 1063 1212 sc
1093 1170 1318 1225 prohiberi.
1377 1170 1420 1211 id
1443 1169 1518 1211 ubi
1540 1169 1582 1210 in

224 1232 275 1273 P.
302 1232 466 1273 Licinio
503 1233 561 1274 ita
593 1240 796 1274 statutum
827 1240 907 1282 est,
946 1241 987 1274 et
1017 1233 1070 1274 ab
1097 1247 1140 1274 se
1172 1233 1233 1273 uti
1263 1233 1328 1273 ius
1359 1232 1582 1273 iurandum

225 1294 462 1349 acciperent
497 1294 561 1335 M.
600 1293 822 1336 Cornelius
864 1295 1111 1349 postulavit,
1154 1309 1207 1335 ne
1251 1295 1295 1335 in
1332 1293 1583 1349 Hispaniam

226 1357 465 1398 ulteriorem
496 1357 585 1398 iret.
652 1366 866 1412 praetores
897 1357 1021 1397 ambo
1059 1357 1103 1397 in
1133 1357 1281 1397 eadem
1313 1356 1441 1397 verba
1472 1356 1583 1396 iura-

225 1426 333 1458 runt.
392 1418 456 1459 M.
488 1419 670 1459 Titinius
708 1428 749 1460 et
785 1419 836 1459 T.
873 1418 1074 1459 Fonteius
1110 1418 1378 1473 proconsules
1413 1432 1582 1458 manere

227 1494 322 1520 cum
355 1481 501 1522 eodem
532 1481 680 1535 imperi
710 1481 800 1521 iure
831 1480 874 1520 in
899 1480 1109 1534 Hispania
1133 1479 1255 1528 iussi,
1281 1488 1322 1520 et
1346 1487 1392 1520 ut
1416 1480 1459 1520 in
1484 1494 1582 1534 sup-

225 1543 482 1596 plementum
512 1543 576 1583 his
608 1543 687 1583 tria
712 1542 826 1582 milia
851 1542 1006 1582 civium
1030 1542 1318 1583 Romanorum
1344 1556 1441 1582 eum
1465 1541 1582 1595 equi-

224 1604 336 1645 tibus
370 1605 577 1653 ducentis,
611 1605 795 1658 quinque
826 1603 941 1645 milia
973 1604 1132 1646 socium
1157 1604 1301 1646 Latini
1332 1604 1511 1645 nominis
1542 1614 1581 1645 et

224 1667 397 1708 trecenti
422 1667 581 1720 equites
607 1667 882 1708 mitterentur.

309 1728 436 1771 XVI.
474 1729 653 1770 Latinae
686 1729 814 1770 feriae
846 1729 963 1770 fuere
994 1738 1090 1770 ante
1116 1729 1226 1770 diem
1258 1729 1426 1771 tertium
1449 1743 1583 1769 nonas

225 1791 378 1841 Maias,
403 1792 447 1832 in
472 1791 624 1845 quibus
649 1792 749 1845 quia
772 1791 815 1831 in
840 1806 924 1832 una
948 1791 1084 1832 hostia
1107 1791 1378 1846 magistratus
1392 1790 1582 1832 Lanuvi-

224 1869 302 1894 nus
335 1862 529 1908 precatus
561 1869 646 1894 non
677 1861 763 1895 erat
796 1853 951 1908 populo
982 1853 1174 1894 Romano
1200 1853 1451 1906 Quiritium,
1487 1853 1582 1895 reli-

224 1917 338 1971 gioni
363 1916 454 1957 suit.
508 1916 552 1956 id
577 1931 672 1957 cum
697 1917 751 1957 ad
776 1924 967 1957 senatum
991 1917 1170 1957 relatum
1195 1924 1302 1957 esset
1328 1924 1580 1970 senatusque

225 1979 279 2018 ad
304 1979 547 2032 pontificum
567 1979 790 2033 collegium
815 1979 1039 2027 reiecisset,
1065 1978 1346 2033 pontificibus,
1373 1979 1473 2032 quia
1496 1993 1580 2019 non

224 2050 336 2081 recte
368 2041 503 2082 factae
529 2041 708 2082 Latinae
735 2048 890 2089 essent,
923 2040 1204 2081 instaurandis
1230 2040 1394 2082 Latinis
1425 2040 1583 2095 placuit

226 2102 492 2153 Lanuvinos,
530 2117 708 2156 quorum
739 2118 867 2157 opera
902 2103 1200 2144 instaurandae
1233 2111 1388 2152 essent,
1425 2103 1581 2144 hostias

181 2183 198 2207 :3
226 2165 438 2219 praebere.
499 2174 729 2206 accesserat
756 2165 810 2206 ad
834 2165 1099 2220 religionem,
1133 2163 1287 2220 [quod]
1316 2163 1395 2206 Cn.
1423 2163 1582 2206 Corne-

225 2227 304 2267 lius
343 2228 488 2268 consul
525 2243 577 2268 ex
611 2235 753 2269 monte
779 2228 949 2268 Albano
985 2227 1150 2268 rediens
1181 2227 1362 2268 concidit
1392 2234 1433 2268 et
1463 2235 1580 2281 parte

227 2289 507 2330 membrorum
533 2300 692 2344 captus,
719 2290 772 2330 ad
796 2290 945 2343 Aquas
967 2288 1180 2330 Cumanas
1206 2290 1418 2344 profectus
1443 2289 1583 2344 ingra-

227 2361 420 2391 vescente
451 2352 597 2392 morbo
624 2350 771 2392 Cumis
803 2351 994 2393 decessit.
1056 2351 1130 2393 sed
1160 2351 1258 2393 inde
1282 2359 1472 2392 mortuus
1496 2351 1582 2392 Ro-

226 2427 338 2452 mam
363 2413 526 2453 adlatus
551 2421 589 2454 et
623 2414 769 2455 funere
800 2414 1024 2469 magnifico
1050 2414 1182 2455 elatus
1210 2415 1481 2469 sepultusque
1507 2421 1580 2454 est.

226 2474 414 2528 pontifex
446 2474 557 2515 idem
589 2475 737 2516 fuerat.
799 2477 944 2517 consul
969 2476 1023 2528 Q.
1049 2476 1241 2517 Petillius
1275 2492 1371 2518 cum
1401 2475 1582 2530 primum

228 2552 301 2591 per
326 2537 510 2590 auspicia
534 2546 693 2590 posset,
728 2538 913 2592 collegae
940 2540 1208 2593 subrogando
1235 2539 1403 2580 comitia
1427 2538 1581 2579 habere

226 2600 362 2639 iussus
387 2606 428 2639 et
453 2598 628 2639 Latinas
654 2599 829 2647 edicere,
855 2601 1023 2641 comitia
1046 2601 1089 2641 in
1115 2600 1252 2656 [ante]
1279 2601 1389 2642 diem
1414 2599 1580 2641 tertium

227 2676 356 2702 nonas
379 2660 571 2710 Sextiles,
599 2660 815 2715 [Latinas]
841 2662 884 2702 in
910 2670 1004 2704 ante
1032 2663 1140 2704 diem
1167 2664 1335 2705 tertium
1359 2663 1453 2703 idus
1474 2661 1580 2703 Sex-
