1804 2926
270 150 324 192 86
575 159 726 193 LIBER
753 159 958 202 xxxxn,
987 159 1040 192 67.
1068 163 1117 200 [a.
1134 159 1308 202 u.0.583]

221 279 240 308 5
266 264 408 316 itaque
445 262 739 302 dimittendum
772 260 911 316 Cotyn
943 262 996 302 ad
1029 277 1104 301 sua
1136 261 1292 302 tuenda
1317 268 1431 301 ratus
1456 263 1618 317 magnis

266 325 599 380 proficiscentem
632 324 751 365 donis
782 325 1059 379 prosequitur.
1132 324 1312 364 ducenta
1347 324 1520 372 talenta,
1558 339 1621 364 se-

265 394 416 428 mestre
439 386 704 440 stipendium,
719 386 921 439 equitatui
942 394 1146 435 numerat,
1168 401 1261 425 cum
1284 385 1416 439 primo
1437 401 1620 426 annuum

266 449 364 489 dare
391 448 683 489 constituisset.

221 526 238 551 «ς
352 509 513 551 Consul
538 518 760 565 postquam
786 510 1021 564 profectum
1045 510 1203 551 Persea
1228 509 1401 559 audivit,
1428 510 1481 550 ad
1504 509 1622 551 Gon-

264 588 366 613 num
397 580 533 613 castra
567 580 727 622 movet,
765 573 798 612 si
829 573 953 627 potiri
985 573 1138 627 oppido
1174 579 1328 627 posset.
1399 581 1494 613 ante
1531 572 1623 626 ipsa

265 634 426 688 Tempe
451 634 493 675 in
524 634 717 675 faucibus
751 634 876 674 situm
900 634 1179 676 Macedoniae
1205 635 1385 675 claustra
1415 634 1623 674 tutissima

265 696 458 750 praebet,
490 704 531 737 et
554 697 597 737 in
622 696 886 737 Thessaliam
911 705 1192 750 opportunum
1217 696 1525 736 Macedonibus
1551 696 1623 736 de-

222 772 238 799 7
266 772 448 799 cursum.
509 773 605 799 cum
631 765 672 799 et
702 758 794 799 loco
822 765 862 799 et
886 758 1093 812 praesidio
1118 758 1258 798 valido
1283 758 1623 812 inexpugnabilis

267 818 383 874 [arx]
416 828 543 869 esset,
581 820 743 861 abstitit
770 820 948 874 incept0.
1007 820 1051 860 in
1075 820 1376 860 Perrhaebiam
1407 820 1524 861 flexis
1557 820 1623 860 iti-

265 882 435 922 neribus
460 882 647 923 Malloea
677 882 811 935 primo
843 882 1002 935 impetu
1029 890 1150 935 capta
1175 896 1224 921 ac
1249 882 1430 934 direpta,
1462 882 1623 936 Tripoli

221 956 240 985 8
267 942 430 996 aliaque
451 943 709 983 Perrhaebia
733 950 903 996 recepta
921 942 1116 982 Larisam
1141 942 1277 982 rediit.
1314 942 1410 983 inde
1431 942 1624 984 Eumene

266 1012 391 1057 atque
417 1005 562 1045 Attalo
594 1005 765 1045 domum
796 1004 980 1045 remissis
1004 1004 1217 1057 Misageni
1250 1004 1530 1058 Numidisque
1561 1005 1625 1045 hi-

264 1066 396 1107 berna
420 1067 462 1107 in
487 1067 703 1121 proxumis
723 1066 936 1107 Thessalis
962 1066 1137 1106 urbibus
1164 1066 1374 1107 distribuit
1398 1075 1438 1108 et
1462 1075 1623 1122 partem

267 1129 472 1169 exercitus
496 1129 555 1169 ita
584 1144 659 1183 per
683 1136 813 1169 totam
838 1127 1101 1169 Thessaliam
1127 1127 1287 1177 divisit,
1313 1137 1359 1168 ut
1385 1136 1427 1169 et
1450 1128 1624 1170 hiberna

267 1191 487 1231 commoda
523 1206 666 1232 omnes
704 1191 907 1231 haberent
943 1198 983 1231 et
1019 1190 1227 1244 praesidio
1264 1191 1440 1231 urbibus
1473 1200 1622 1231 essent.

223 1266 240 1293 9
269 1253 323 1304 Q.
344 1253 537 1294 Mucium
561 1250 750 1307 legatum
776 1268 871 1293 cum
895 1252 1059 1293 duobus
1085 1252 1252 1293 milibus
1275 1253 1327 1293 ad
1353 1253 1625 1306 optinendam

267 1315 539 1355 Ambraciam
574 1315 706 1363 misit,
744 1314 1006 1356 Graecarum
1042 1314 1273 1355 civitatium
1310 1315 1443 1355 socios
1480 1330 1624 1356 omnes

267 1384 430 1431 praeter
454 1377 650 1418 Achaeos
676 1377 833 1417 dimisit
852 1377 1009 1417 consul.
1042 1392 1137 1417 cum
1159 1377 1363 1418 exercitus
1388 1385 1505 1431 parte
1530 1391 1626 1431 pro-

268 1439 403 1479 fectus
438 1439 481 1479 in
511 1440 720 1480 Achaiam
751 1440 1004 1488 Phthiotim,
1040 1440 1237 1480 Pteleum
1274 1440 1486 1481 desertum
1522 1441 1625 1495 fuga

269 1500 574 1553 oppidanorum
618 1501 744 1541 diruit
781 1516 805 1541 a
840 1501 1142 1549 fundamentis,
1180 1502 1374 1542 Antrona
1410 1503 1623 1542 voluntate

205 1574 244 1603 10
268 1561 537 1602 incolentium
569 1563 736 1616 recepit.
799 1563 853 1603 ad
878 1562 1072 1603 Larisam
1106 1563 1255 1604 deinde
1287 1564 1516 1604 exercitum
1552 1564 1625 1604 ad—

268 1623 411 1663 movit.
442 1623 542 1664 urbs
569 1624 732 1665 deserta
758 1632 863 1672 erat3
890 1625 932 1664 in
958 1638 1096 1665 arcem
1122 1624 1255 1664 omnis
1281 1625 1503 1665 multitudo
1528 1640 1625 1666 eon-

206 1697 242 1725 11
270 1693 450 1726 cesserat
460 1701 470 1734 3
515 1700 606 1726 eam
652 1700 897 1740 oppugnare
940 1685 1196 1740 adgreditur.
1272 1687 1397 1740 primi
1439 1687 1624 1727 omnium

268 1747 541 1796 Macedones,
566 1747 731 1801 regium
755 1748 1024 1801 praesidium,
1048 1755 1163 1788 metu
1184 1756 1464 1797 excesserant3
1491 1764 1515 1789 a
1534 1749 1627 1802 qui-

269 1808 348 1848 bus
373 1809 505 1850 relicti
530 1809 728 1864 oppidani
753 1810 796 1850 in
821 1810 1074 1850 deditionem
1096 1810 1306 1863 extemplo
1326 1810 1511 1851 veniunt.
1549 1811 1625 1852 du-

270 1870 393 1911 bitari
418 1871 529 1919 inde,
555 1880 696 1911 utrum
721 1870 962 1912 Demetrias
988 1871 1104 1926 prius
1130 1871 1415 1925 adgredienda
1439 1872 1547 1914 foret
1572 1889 1625 1913 an

206 1943 244 1972 12
270 1932 312 1972 111
348 1932 526 1973 Boeotia
563 1933 827 1987 aspiciendae
862 1948 941 1974 res.
1012 1932 1226 1981 Thebani,
1268 1933 1517 1974 vexantibus
1555 1948 1626 1975 eos

272 1993 522 2043 Coronaeis,
559 1995 601 2037 in
627 1995 848 2035 Boeotiam
874 1994 1153 2036 arcessebant.
1215 1994 1268 2035 ad
1293 1993 1441 2035 horum
1466 2011 1624 2050 preces,

271 2056 370 2108 quia
394 2055 577 2097 hibernis
603 2056 737 2111 aptior
762 2057 878 2111 regio
904 2071 1032 2110 quam
1049 2056 1275 2111 Magnesia
1300 2063 1402 2105 erat,
1428 2057 1468 2097 in
1489 2057 1626 2098 Boeo-

272 2118 373 2158 tiam
399 2117 530 2158 duxit.
