1804 2926
521 171 672 205 LIBER
696 170 883 214 XXXXI,
909 171 941 204 9.
962 170 1015 204 10.
1045 171 1094 214 [a.
1110 170 1149 204 0.
1166 171 1246 214 177]
1537 163 1561 202 9

212 277 327 317 11111111
359 273 473 315 iussi.
533 273 778 328 priusquam
808 272 999 313 eonsules
1038 273 1274 327 provincias
1307 274 1563 322 sortirentur,

211 337 403 392 prodigia
431 336 623 377 nuntiata
653 342 769 375 sunt:
805 334 987 388 lapidem
1016 334 1057 374 in
1090 350 1190 389 agro
1225 334 1498 377 Crustumino
1522 336 1566 376 111

211 400 352 439 lucum
377 398 529 439 Martis
556 397 607 438 de
633 397 747 438 eaelo
773 397 992 443 cecidisse,
1017 412 1194 451 puerum
1220 399 1355 438 trunci
1382 397 1566 452 eorporiS

210 461 253 501 in
279 475 379 515 agro
405 461 596 502 Romano
627 466 772 499 natum
797 466 838 499 et
863 459 1178 513 quadrupedem
1205 475 1387 513 anguem
1413 461 1564 509 visum,

211 530 252 564 01
277 521 450 577 Capuae
475 523 607 563 multa
635 521 678 562 in
703 521 793 561 foro
819 521 1009 562 aedificia
1034 522 1084 562 de
1111 522 1225 563 eaelo
1250 530 1382 572 taeta,
1414 530 1455 563 et.
1477 523 1566 563 Pu-

210 585 328 626 teolis
362 585 465 625 duas
496 599 623 625 naves
655 583 841 624 fulminis
872 583 957 624 ietu
983 593 1265 626 concrematas
1297 600 1399 626 esse.
1459 585 1567 625 inter
1605 597 1611 618 ῖ

210 647 333 696 haee,
370 661 478 701 quae
513 647 833 695 nuntiabantur,
869 647 994 701 lupus
1033 648 1157 688 etiam
1189 648 1349 689 Romae
1385 648 1566 688 interdiu

211 709 412 764 agitatus,
449 724 545 751 eum
585 707 750 750 Collina
786 716 906 763 porta
941 709 1153 758 intrasset,
1190 725 1265 764 per
1300 709 1566 764 Esquilinam

210 786 364 826 magno
379 771 705 813 consectantium
726 771 909 812 tumultu
929 772 1072 812 evasit.
1111 786 1254 812 eorum
1278 773 1565 827 prodigiorum

211 848 338 874 eausa
363 835 554 875 eonsules
578 833 756 874 maiores
782 833 938 874 hostias
964 833 1218 875 inmolarunt
1238 842 1276 876 et
1299 835 1410 876 diem
1435 851 1566 876 unum

213 896 322 936 cirea
353 897 493 937 onmia
529 896 764 949 pulvinaria
801 896 1048 950 supplicatio
1079 896 1170 936 fuit.
1242 898 1452 938 sacrifieiis
1489 898 1565 939 rite

210 958 404 1013 perfectis
440 958 675 1012 provincias
711 958 843 998 sortiti
874 966 987 1007 sunt,
1027 957 1205 999 Claudio
1230 959 1409 1008 Histria,
1446 960 1567 1001 Sem-

210 1020 356 1074 pronio
384 1019 577 1062 Sardinia
603 1020 783 1061 obvenit.
843 1021 979 1074 legem
1006 1020 1101 1062 dein
1133 1021 1185 1062 de
1210 1022 1332 1062 sociis
1360 1020 1408 1062 C.
1437 1021 1565 1063 Clau—

212 1083 305 1123 dius
330 1083 422 1123 tulit
451 1081 542 1137 [ex]
576 1089 744 1123 senatus
777 1083 965 1123 consulto
992 1090 1033 1123 et
1058 1083 1206 1132 edixit,
1239 1084 1312 1137 qui
1344 1084 1445 1125 socii
1476 1084 1565 1137 (ae)

212 1144 390 1185 nominis
427 1144 571 1191 Latini
607 1144 688 1198 ipsi
724 1144 955 1186 maioresve
995 1159 1139 1186 eorum
1176 1146 1240 1186 M.
1273 1144 1474 1195 Claudio,
1512 1147 1563 1187 T.

215 1206 414 1258 Quinctio
441 1206 682 1247 censoribus
707 1215 854 1261 postve
887 1221 936 1247 ea
966 1207 1079 1261 apud
1110 1208 1242 1248 socios
1268 1209 1446 1249 nominis
1477 1209 1565 1250 La-

211 1269 285 1309 tini
318 1268 430 1309 001151
467 1275 622 1316 essent,
658 1275 705 1308 ut
741 1281 885 1308 omnes
915 1268 958 1308 in
994 1284 1114 1309 suam
1145 1269 1322 1322 quisque
1354 1270 1566 1312 civitatem

212 1338 306 1372 ante
331 1330 412 1370 kal.
436 1330 697 1371 Novembres
722 1330 917 1370 redirent.
954 1330 1158 1383 quaestio,
1185 1332 1257 1384 qui
1281 1332 1339 1373 ita
1363 1348 1447 1373 non
1471 1333 1566 1374 red-

209 1394 355 1439 issent,
388 1391 440 1432 L.
467 1391 677 1432 Mummio
714 1392 895 1447 praetori
928 1392 1096 1433 decreta
1121 1401 1195 1433 est.
1267 1394 1321 1434 ad
1351 1395 1489 1448 legem
1526 1404 1567 1436 et.

211 1456 392 1496 edictum
430 1455 611 1495 consulis
656 1462 824 1495 senatus
862 1455 1100 1495 consultum
1143 1454 1353 1496 adiectum
1398 1464 1479 1506 est,
1520 1465 1565 1497 ut

211 1518 404 1565 dictator,
432 1517 598 1565 consul,
622 1516 824 1565 interreX,
850 1530 1008 1565 censor,
1034 1524 1201 1571 praetor
1225 1517 1297 1571 qui
1321 1533 1434 1559 nune
1458 1527 1568 1560 esset

211 1579 356 1635 [quive
391 1579 566 1633 posthae
602 1578 768 1619 futurus
806 1577 934 1633 esset]
975 1586 1077 1633 aput.
1116 1594 1260 1620 eorum
1292 1594 1417 1633 quem
1450 1579 1564 1636 [qui]

210 1656 337 1682 manu
358 1641 602 1689 mitteretur,
628 1640 671 1681 in
694 1641 930 1683 libertatem
951 1640 1245 1691 vindicaretur,
1271 1650 1317 1682 ut
1336 1642 1400 1683 ius
1426 1643 1567 1683 iuran-

211 1704 311 1744 dum
337 1703 472 1752 daret,
511 1703 583 1756 qui
607 1717 703 1743 eum
734 1717 862 1743 manu
893 1703 1095 1752 mitteret,
1131 1703 1309 1744 civitatis
1341 1705 1566 1747 mutandae

212 1781 339 1807 eausa
374 1780 501 1805 manu
536 1779 620 1805 non
657 1764 840 1813 mittere3
877 1765 920 1805 in
951 1779 1034 1818 quo
1064 1765 1108 1805 id
1138 1779 1222 1806 non
1257 1765 1431 1815 iuraret,
1470 1781 1567 1808 eum

212 1842 339 1868 manu
380 1827 630 1868 mittendum
672 1841 757 1868 non
794 1835 1058 1868 censuerunt.
1136 1827 1240 1869 haee
1276 1828 1318 1868 in
1354 1837 1566 1883 posterum

213 1896 354 1937 cauta,
385 1889 571 1941 iussique
603 1888 737 1930 edicto
764 1887 815 1930 C.
842 1887 995 1929 Claudi
1028 1903 1140 1930 cons.
1158 1888 1188 1944 [.
1205 1920 1214 1930 .
1231 1888 1262 1944 .]
1291 1888 1470 1931 Claudio
1497 1890 1566 1932 de-

214 1959 325 1991 creta
351 1958 424 1991 est.

298 2012 357 2052 X.
394 2012 513 2052 Dum
532 2011 635 2053 haee
650 2012 810 2053 Romae
835 2019 1051 2066 geruntur,
1072 2012 1135 2053 M.
1152 2012 1298 2053 Iunius
1319 2020 1359 2054 et.
1372 2014 1426 2053 A.
1442 2013 1568 2054 Man-

214 2075 314 2121 lius,
351 2073 422 2127 qui
458 2073 593 2127 priore
626 2087 734 2113 anno
768 2074 958 2115 eonsules
996 2074 1180 2123 fuerant,
1218 2088 1314 2114 eum
1344 2075 1566 2127 Aquileiae

214 2137 515 2184 hibernassent,
542 2136 745 2190 principio
771 2136 878 2176 veris
903 2136 946 2176 in
971 2136 1064 2176 finis
1079 2136 1319 2177 Histrorum
1339 2137 1567 2178 exereitum

213 2199 554 2246 introduxerunt3
579 2198 652 2238 ubi
678 2213 773 2238 eum
798 2197 930 2238 effuse
954 2198 1267 2252 popularentur,
1293 2199 1410 2239 dolor
1432 2199 1567 2253 magis

215 2270 254 2302 et
280 2260 512 2314 indignatio
532 2259 653 2313 diripi
673 2273 737 2300 res
758 2274 854 2300 suas
877 2266 1090 2300 cernentes
1105 2259 1285 2308 Histros,
1311 2273 1438 2313 quam
1457 2268 1569 2302 certa

216 2338 310 2377 spes
353 2322 452 2363 satis
496 2322 574 2362 sibi
611 2321 762 2362 virium
807 2321 1007 2362 adversus
1050 2322 1154 2362 duos
1185 2320 1324 2377 [esse]
1362 2323 1568 2364 exereitus

216 2385 382 2425 excivit.
442 2398 648 2424 eoneursu
685 2399 737 2424 ex
767 2384 960 2424 omnibus
996 2384 1161 2438 populis
1191 2385 1420 2426 iuventutis
1456 2385 1567 2426 facto

216 2447 457 2501 repentinus
482 2454 523 2487 et
546 2446 840 2487 tumultuarius
867 2447 1071 2488 exereitus
1097 2446 1232 2488 aerius
1257 2447 1390 2501 primo
1422 2447 1567 2502 inpetu

217 2523 343 2562 quam
368 2508 702 2563 perseverantius
727 2509 944 2563 pugnavit.
987 2509 1041 2549 ad
1065 2515 1263 2562 quattuor
1287 2510 1401 2550 milia
1425 2524 1568 2551 eorum

217 2571 260 2611 in
285 2570 373 2611 acie
400 2585 540 2617 eaesa3
567 2570 691 2611 ceteri
717 2570 870 2611 omisso
895 2570 1004 2611 bello
1028 2570 1071 2610 in
1096 2570 1285 2612 civitates
1310 2572 1463 2625 passim
1489 2572 1569 2612 dif-

217 2632 428 2687 fugerunt.
487 2632 583 2672 inde
613 2632 773 2687 legatos
803 2632 984 2686 primum
1015 2633 1067 2673 ad
1099 2647 1243 2687 pacem
1277 2634 1499 2687 petendam
1526 2634 1568 2673 in

1591 290 1610 317 »1

1596 410 1614 435 Γ)

1595 1339 1633 1366 lt)

1597 1461 1628 1489 ll

1595 2207 1613 2235 Na
