1804 2926
198 349 216 376 2

249 156 326 197 108
518 162 669 196 LnJEn
696 162 943 205 xxxxiiii,
975 163 1001 195 1.
1023 163 1054 194 2.
1083 165 1181 203 sau.
1198 172 1227 194 ο.
1244 162 1327 203 5551

242 270 454 323 legionum
493 281 635 307 secum
668 266 915 306 traiecturus
948 273 1054 313 erat,
1092 265 1365 305 Brundisium
1397 265 1596 320 pervenit.

242 332 303 372 M.
320 329 525 385 Popillius
547 329 774 369 consularis
796 336 834 369 et
861 329 927 368 alii
955 329 1041 383 pari
1068 328 1283 369 nobilitate
1309 329 1596 370 adulescentes

242 394 397 434 tribuni
426 392 605 432 milituln
630 391 672 431 in
698 391 996 431 Macedonicas
1023 392 1208 445 legiones
1230 392 1443 432 consulem
1469 391 1599 432 secuti

197 471 215 499 :1
242 464 346 498 sunt.
409 470 484 510 per
515 469 584 495 eos
618 454 704 493 dics
738 461 775 493 et
811 452 860 494 C.
888 453 1076 494 Marcius
1110 454 1286 507 Figulus
1312 462 1498 508 praetor,
1531 453 1598 494 0111

192 1528 209 1555 9

172 1589 182 1616 l
192 1591 211 1617 O

195 2332 207 2358 1

192 2454 210 2481 2

241 518 383 559 elassis
409 516 623 572 provincia
648 523 856 563 evenerat,
877 511 1152 556 Brundisium
1180 516 1305 563 venit,
1333 524 1371 556 et
1398 516 1519 556 simul
1547 531 1598 556 ex

241 581 362 621 [talia
387 578 562 634 profecti
590 577 819 631 Corcyram
846 578 974 618 altero
1001 578 1080 625 die,
1108 578 1228 618 101110
1252 578 1438 626 Actium,
1466 577 1599 618 Acar-

240 643 388 685 naniae
419 650 608 696 portum,
640 648 876 681 tenuerunt.
939 640 1035 680 inde
1068 641 1212 681 consul
1246 641 1298 680 ad
1324 640 1597 681 Ambraciam

240 720 432 760 egressus
471 704 616 744 itinere
656 702 839 743 terrestri
877 703 977 757 petit
1010 703 1290 751 Thessaliam,
1328 710 1494 757 praetor
1530 719 1599 743 su-

240 775 385 822 perato
417 767 607 807 Leucata
640 764 905 806 Corinthium
943 766 1079 808 sinum
1114 766 1303 806 invectus
1340 774 1378 807 et
1411 766 1598 807 Creusae

238 830 390 870 relictis
429 829 606 869 navibus
645 837 754 869 terra
789 836 829 868 01
862 828 951 882 ipse
983 843 1057 882 per
1086 828 1268 868 mediam
1299 829 1519 869 Boeotiam
1543 854 1598 859 ——

240 891 322 932 diei
359 891 484 931 unius
517 890 713 944 expedito
750 890 828 930 iter
861 898 923 931 051
953 914 1009 918 —
1047 888 1293 930 Chalcidem
1333 891 1385 930 ad
1423 892 1597 932 classem

240 953 465 999 contendit.
527 960 663 992 castra
693 966 742 992 00
774 958 960 1005 tempore
987 951 1041 991 A.
1068 951 1276 991 Hostilius
1310 951 1353 992 in
1377 952 1596 994 Thessalia

237 1015 347 1056 circa
370 1014 745 1068 Palaepharsalum
771 1012 973 1060 habebat,
1000 1013 1106 1053 sicut
1130 1014 1245 1054 nulla
1270 1029 1313 1054 10
1338 1014 1488 1055 bellica
1512 1031 1599 1056 1110-

237 1076 428 1117 morabili
460 1083 600 1130 gesta,
637 1074 694 1115 ita
725 1075 778 1115 ad
810 1075 962 1115 iustam
993 1075 1215 1115 militarem
1248 1075 1511 1130 disciplinam
1544 1077 1597 1117 ab

237 1140 372 1181 effusa
406 1137 574 1179 licentia
610 1136 789 1177 formato
826 1137 956 1178 milite
991 1145 1032 1178 et
1067 1137 1189 1178 sociis
1228 1153 1323 1178 cum
1359 1139 1440 1179 fide
1478 1139 1597 1180 cultis

237 1209 277 1242 et
302 1201 354 1241 ab
381 1200 494 1241 omni
526 1215 680 1254 genere
715 1199 889 1240 iniuriae
923 1199 1118 1240 defensis.
1180 1200 1321 1240 audito
1347 1201 1597 1241 successoris

237 1264 418 1304 adventu
452 1277 546 1303 cum
580 1277 714 1308 arma,
746 1262 876 1310 viros,
909 1276 1040 1315 equos
1073 1277 1168 1303 cum
1204 1277 1303 1303 cura
1334 1262 1597 1317 inspexisset,

237 1333 380 1366 ornato
407 1325 590 1366 exercitu
616 1324 783 1364 obviam
803 1324 983 1367 venienti
1010 1325 1168 1365 consuli
1195 1325 1410 1379 processit.
1451 1333 1491 1367 01
1514 1326 1598 1380 1111-

236 1403 328 1427 111115
355 1403 499 1428 00111111
532 1402 781 1440 congressus
808 1402 858 1427 ex
892 1387 1093 1440 dignitate
1124 1387 1308 1441 ipsorum
1343 1402 1391 1428 ac
1417 1388 1594 1428 Romani

237 1449 435 1497 nominis,
473 1456 513 1489 et
538 1449 580 1488 in
612 1448 736 1488 rebus
763 1449 912 1489 deinde
944 1450 1140 1503 gerendis
1169 1448 1198 1503 [.
1216 1481 1224 1489 .
1241 1481 1250 1488 .
1267 1448 1312 1503 ..]
1374 1451 1594 1503 proconsul

237 1511 346 1552 enim
384 1511 436 1551 ad
473 1510 698 1551 exercitum
738 1508 881 1564 [...].
948 1511 1092 1564 paucis
1130 1519 1225 1565 post
1265 1511 1412 1551 diebus
1450 1513 1594 1552 consul

238 1574 471 1614 contionem
491 1580 589 1626 aput
616 1572 766 1613 milites
793 1572 957 1613 habuit.
997 1588 1114 1613 orsus
1136 1573 1188 1614 al)
1214 1574 1434 1627 parricidio
1449 1574 1595 1615 Persei

235 1643 471 1690 perpetrato
496 1635 538 1674 in
564 1635 753 1683 fratrem,
781 1635 961 1688 cogitato
988 1635 1030 1675 in
1055 1644 1294 1689 parentem,
1322 1637 1473 1677 adiecit
1499 1646 1594 1691 post

238 1698 392 1738 scelere
423 1704 589 1751 partum
615 1712 791 1750 regnum
820 1697 1037 1745 veneficia,
1073 1698 1242 1746 caedes,
1280 1699 1495 1739 latrocinio
1521 1714 1594 1740 ne-

236 1760 364 1800 fando
390 1759 567 1813 petitum
586 1758 819 1803 Eumenen,
846 1760 1017 1800 iniurias
1045 1760 1088 1800 in
1113 1761 1314 1815 populum
1341 1761 1594 1810 Romanum,

237 1822 487 1876 direptiones
524 1821 731 1861 sociarum
768 1821 936 1861 urbium
973 1830 1118 1862 eontra
1155 1822 1324 1871 foedus,
1369 1839 1418 1864 ea
1455 1824 1595 1864 onmia

236 1898 361 1936 quam
388 1884 465 1923 diis
491 1898 658 1936 quoque
682 1883 817 1924 invisa
837 1890 974 1924 essent
1003 1899 1223 1925 sensurum
1248 1885 1291 1925 in
1317 1885 1430 1926 exitu
1455 1901 1594 1927 rerum

236 1961 424 1985 suarum:
457 1945 598 1985 favere
630 1945 739 1985 enim
764 1945 908 1999 pietati
934 1946 1115 1998 fideique
1144 1946 1264 1995 deos,
1289 1962 1363 2001 per
1387 1962 1495 2000 quae
1520 1963 1595 2002 po-

234 2009 358 2062 pulus
384 2009 600 2049 Romanus
626 2008 677 2048 ad
704 2015 866 2048 tantum
891 2008 1053 2063 fastigii
1078 2010 1249 2050 venerit.
1311 2010 1417 2051 vires
1445 2011 1594 2052 deinde

236 2071 378 2124 populi
405 2070 607 2118 Romani,
639 2070 722 2110 Iam
748 2078 952 2111 terrarum
982 2071 1125 2112 orbem
1151 2072 1466 2126 conplectentis,
1498 2087 1593 2113 cuni

234 2133 392 2173 viribus
407 2132 697 2181 Macedoniae,
720 2133 927 2173 exercitus
952 2148 1047 2174 011111
1062 2134 1313 2175 exercitibus
1333 2136 1592 2189 conparavit:

234 2202 389 2247 quanto
415 2194 592 2235 maiores
617 2194 805 2249 Philippi
818 2195 1107 2249 Antiochique
1133 2211 1231 2250 opes
1257 2210 1341 2237 non
1365 2197 1592 2238 maioribus

237 2256 364 2309 copiis
391 2256 543 2296 fractas
570 2272 673 2298 esse.

322 2318 379 2356 H.
418 2318 556 2357 Huius
582 2319 747 2372 generis
776 2319 1065 2361 adhortatione
1092 2320 1276 2361 accensis
1302 2320 1480 2361 militum
1505 2320 1593 2361 ani-

236 2378 327 2425 mis,
354 2380 587 2419 consultare
614 2380 664 2420 de
691 2396 853 2422 summa
877 2383 1048 2437 gerendi
1083 2382 1178 2423 belli
1204 2382 1349 2436 coepit.
1399 2396 1448 2423 00
1474 2390 1511 2423 01
1539 2381 1590 2423 C.

236 2439 423 2480 Marcius
449 2448 614 2493 praetor
639 2457 663 2481 a
686 2440 886 2485 Chalcide
912 2445 1044 2486 classe
1070 2452 1241 2499 accepta
1266 2444 1390 2485 venit.
1434 2444 1590 2498 placuit

235 2516 319 2542 11011
343 2502 452 2541 ultra
488 2503 688 2542 morando
720 2504 763 2543 in
787 2504 1007 2547 Thessalia
1033 2514 1197 2561 tempus
1223 2514 1372 2555 terere,
1405 2506 1478 2547 sed
1502 2520 1590 2545 mo-

237 2578 332 2603 vere
357 2563 565 2617 extemplo
591 2572 725 2604 castra
750 2572 876 2618 atque
902 2567 998 2608 inde
1023 2583 1198 2621 pergere
1223 2568 1266 2608 in
1290 2567 1586 2609 BIacedoniam

193 2638 210 2666 3
237 2632 276 2665 ct
312 2632 546 2678 praetorem
583 2625 681 2666 darc
718 2640 908 2680 operam,
952 2636 998 2669 ut
1036 2630 1184 2670 eodem
1221 2637 1407 2684 tempore
1443 2629 1585 2670 classis
