1804 2926
465 158 617 191 LIBER
640 157 887 199 XXXXIHI,
916 157 969 190 13.
992 156 1045 189 14.
1073 160 1124 198 [a.
1140 156 1179 190 c.
1196 158 1259 191 169
1264 162 1278 198 j
1469 149 1549 188 119

196 261 377 309 moenia,
415 274 498 313 qua
534 259 716 313 suspecti
753 259 889 299 aditus
928 266 1064 307 erant,
1103 274 1302 313 spemque
1340 261 1549 314 extemplo

195 324 440 369 inciderunt,
467 321 560 375 capi
584 321 717 375 primo
737 321 896 375 impetu
920 335 1056 375 posse.
1095 321 1255 362 obsidio
1277 322 1405 377 igitur
1428 337 1549 376 para—

196 387 330 433 batur,
357 391 397 424 et
423 398 549 437 opera
566 381 657 437 [ad]
673 383 1031 437 oppugnationem
1056 382 1145 423 fieri
1171 394 1330 438 coepta.
1367 384 1549 426 Perseus

196 462 291 487 cum
316 445 500 486 audisset
525 445 647 485 simul
671 444 929 484 Meliboeam
955 460 980 484 a
1005 445 1184 485 consulis
1207 446 1392 486 exercitu
1418 460 1551 500 oppu-

195 507 334 563 gnari,
361 506 485 547 simul
512 507 687 546 classem
712 506 816 546 Iolci
842 514 970 553 stare,
1002 505 1084 560 [ut]
1112 507 1209 548 inde
1233 507 1550 548 Demetriadem

195 569 512 623 adgrederetur,
549 567 870 622 Euphranorem
907 569 1118 621 quendam
1155 584 1206 610 ex
1243 568 1420 610 ducibus
1454 584 1550 610 cum

195 630 366 672 delectis
393 630 556 671 duobus
582 629 750 670 milibus
776 629 1033 671 Meliboeam
1059 630 1195 671 mittit.
1258 631 1393 672 eidem
1418 631 1550 684 impe-

194 701 351 741 ratum,
389 700 433 732 ut
460 692 494 732 si
519 707 543 732 a
567 691 780 732 Meliboea
811 691 1104 732 summovisset
1129 692 1361 741 Romanos,
1394 691 1552 733 Deme-

194 755 370 795 triadem
400 754 514 808 prius
541 754 704 794 occulto
729 753 875 794 itinere
900 754 1090 803 intraret,
1128 768 1255 807 quam
1280 754 1333 795 ab
1357 754 1473 795 Iolco
1499 754 1552 794 ad

194 817 340 857 urbem
373 825 508 857 castra
538 823 755 856 moverent
780 816 972 857 Romani.
1034 824 1075 857 et
1106 816 1159 856 ab
1189 816 1550 872 oppugnatoribus

195 879 446 926 Meliboeae,
473 892 569 918 cum
593 878 636 918 in
658 878 941 932 superioribus
966 878 1066 920 locis
1088 888 1258 933 repente
1278 878 1551 933 apparuisset,

196 955 292 981 cum
317 939 594 994 trepidatione
627 940 758 980 multa
782 940 926 981 relicta
951 955 1078 995 opera
1109 949 1203 981 sunt
1230 939 1463 995 [ignisque]
1489 940 1553 980 in-

196 1002 341 1043 iectus.
379 1002 437 1041 ita
462 1017 485 1041 a
511 1001 725 1042 Meliboea
750 1001 989 1043 abscessum
1015 1010 1088 1043 est.
1139 1002 1392 1057 Euphranor
1416 1001 1551 1042 soluta

196 1063 319 1103 unius
340 1063 454 1103 urbis
475 1062 690 1103 obsidione
705 1062 1021 1104 Demetriadem
1041 1064 1251 1117 extemplo
1267 1063 1393 1104 ducit.
1429 1070 1551 1104 nocte

195 1125 360 1166 moenia
394 1124 538 1179 [intrat
567 1132 811 1177 tantamque
836 1125 1032 1166 fiduciam
1058 1125 1335 1166 incolentibus
1360 1124 1480 1174 fecit,
1505 1133 1552 1165 ut

195 1202 280 1227 non
304 1184 489 1240 moenia]
515 1186 653 1234 modo,
679 1187 753 1227 sed
778 1201 900 1240 agros
927 1187 1054 1227 etiam
1079 1187 1335 1228 confiderent
1359 1201 1403 1228 se
1429 1201 1453 1227 a
1477 1201 1552 1241 po-

196 1248 479 1303 pulationibus
501 1248 607 1288 tueri
630 1262 753 1300 posse
762 1264 772 1296 3
799 1258 838 1288 et
860 1248 1097 1302 eruptiones
1116 1249 1159 1288 in
1176 1263 1307 1303 vagos
1332 1249 1552 1303 populato-

196 1325 261 1351 res
286 1324 370 1350 non
394 1309 482 1350 sine
508 1309 747 1350 volneribus
773 1309 956 1350 hostium
981 1310 1117 1350 factae
1138 1318 1246 1350 sunt.
1285 1310 1552 1351 circumvecti

197 1382 335 1413 tamen
360 1372 524 1414 moenia
555 1379 651 1412 sunt
681 1379 848 1426 praetor
873 1380 912 1412 et
944 1387 1037 1420 rex,
1076 1372 1202 1412 situm
1226 1372 1341 1413 urbis
1368 1381 1552 1413 contem-

196 1435 377 1489 plantes,
408 1434 441 1474 si
465 1447 548 1486 qua
580 1442 697 1487 parte
723 1442 925 1487 temptare
951 1442 1022 1474 aut
1048 1448 1173 1488 opere
1198 1442 1270 1474 aut
1294 1434 1335 1474 vi
1366 1442 1547 1488 possent.

195 1496 308 1536 fama
332 1496 411 1535 fuit
435 1510 509 1549 per
534 1494 773 1549 Cydantem
800 1494 1047 1536 Cretensem
1072 1503 1112 1537 et
1136 1495 1453 1545 Antimachum,
1478 1495 1551 1549 qui

194 1557 456 1599 Demetriadi
487 1565 696 1612 praeerat,
729 1565 924 1598 tractatas
950 1557 1056 1598 inter
1081 1557 1303 1600 Eumenen
1329 1565 1369 1599 et
1392 1557 1553 1599 Persea

196 1620 459 1660 condiciones
492 1619 711 1660 amicitiae.
772 1619 825 1659 ab
857 1619 1130 1661 Demetriade
1163 1626 1273 1660 certe
1310 1619 1552 1661 abscessum

197 1689 271 1722 est.
333 1681 547 1722 Eumenes
587 1681 639 1721 ad
677 1681 892 1722 consulem
929 1682 1120 1735 navigat3
1168 1681 1402 1736 gratulatus
1440 1681 1553 1735 quod

196 1758 392 1798 prospere
424 1743 722 1784 Macedoniam
752 1743 966 1792 intrasset,
1003 1743 1263 1798 Pergamum
1297 1743 1341 1784 in
1375 1759 1554 1798 regnum

197 1806 296 1846 abit.
355 1806 543 1846 Marcius
576 1806 753 1860 Figulus
784 1815 953 1860 praetor
982 1815 1099 1861 parte
1130 1806 1272 1846 classis
1304 1806 1346 1847 in
1378 1806 1553 1847 hiberna

200 1866 418 1908 Sciathum
453 1867 579 1907 missa
615 1882 710 1907 cum
746 1868 915 1920 reliquis
951 1868 1130 1908 navibus
1164 1867 1325 1909 Oreum
1351 1867 1552 1909 Euboeae

197 1928 312 1981 petit,
338 1943 428 1968 eam
454 1928 601 1968 urbem
622 1929 878 1982 aptissimam
904 1938 1031 1977 ratus,
1057 1930 1169 1970 unde
1190 1929 1455 1977 exercitibus,
1481 1930 1554 1982 qui

198 1990 241 2030 in
265 1989 517 2029 Macedonia
548 1989 703 2041 quique
734 1990 776 2029 in
802 1990 1020 2030 Thessalia
1045 1998 1182 2038 erant,
1214 1991 1321 2030 mitti
1346 2005 1554 2031 commea-

200 2062 265 2092 tus
290 2058 471 2106 possent.
533 2051 583 2091 de
609 2050 799 2092 Eumene
824 2067 923 2106 rege
948 2052 1073 2106 longe
1100 2052 1264 2092 diversa
1288 2052 1470 2093 tradunt.
1520 2052 1554 2092 si
1602 2067 1608 2074 ·

199 2114 368 2155 Valerio
393 2113 556 2153 Antiati
582 2113 740 2161 credas,
765 2128 843 2154 nec
868 2114 999 2155 classe
1026 2114 1215 2154 adiutum
1241 2114 1293 2154 ab
1314 2128 1363 2154 eo
1388 2122 1553 2168 praeto-

200 2190 287 2216 rem
312 2190 423 2223 esse,
450 2190 544 2216 cum
571 2190 695 2229 saepe
724 2190 818 2216 eum
844 2175 990 2216 litteris
1016 2175 1276 2223 accersisset,
1307 2175 1450 2223 tradit,
1476 2190 1553 2216 nec

201 2252 296 2277 cum
321 2236 455 2291 gratia
481 2237 533 2276 ab
560 2237 729 2278 consule
754 2237 989 2291 profectum
1014 2237 1056 2277 in
1080 2237 1248 2286 Asiam,
1275 2236 1551 2291 indignatum,

201 2298 314 2351 quod
350 2306 395 2338 ut
431 2298 563 2338 isdem
601 2299 744 2339 castris
783 2299 971 2340 tenderet
1007 2299 1257 2353 permissum
1292 2314 1376 2339 non
1413 2299 1551 2339 fuerit.

202 2375 253 2400 ne
290 2367 336 2399 ut
371 2360 532 2412 equites
571 2361 740 2413 quidem
778 2360 943 2409 Gallos,
989 2375 1092 2414 quos
1130 2375 1272 2401 secum
1307 2361 1551 2408 adduxerat,

202 2422 472 2474 relinqueret,
509 2422 721 2477 impetrari
747 2423 800 2463 ab
833 2437 881 2464 eo
905 2422 1104 2477 potuisse.
1162 2422 1356 2463 Attalum
1382 2422 1553 2463 fratrem

203 2484 290 2524 eius
317 2492 354 2524 et
381 2484 626 2525 remansisse
651 2492 752 2539 aput
775 2484 1000 2533 consulem,
1026 2491 1067 2525 et
1094 2484 1298 2525 sinceram
1318 2485 1406 2525 eius
1426 2484 1553 2525 fidem

204 2546 368 2598 aequali
393 2553 535 2586 tenore
561 2547 858 2600 egregiamque
883 2561 1053 2601 operam
1076 2546 1119 2586 in
1144 2561 1193 2587 eo
1219 2546 1328 2587 bello
1350 2546 1492 2587 fuisse.

289 2607 442 2647 XIIII.
486 2607 604 2648 Dum
641 2608 796 2649 bellum
838 2608 879 2648 in
915 2608 1169 2650 Macedonia
1204 2609 1381 2663 geritur,
1424 2608 1552 2662 legati

1580 1693 1620 1723 10

1580 1817 1618 1845 11

1581 2372 1620 2401 13
