1804 2926
161 213 452 250 PERIOCHAE
477 210 742 247 LIBRORUM
766 208 944 243 LXXXV
953 208 1334 243 IIII—LXXXXIII.
1411 198 1494 239 213

140 306 375 341 ferendarum
399 303 552 346 ademit,
579 299 795 346 pontificum
814 310 1068 345 augurumque
1089 299 1286 345 collegium
1306 297 1497 343 ampliavit

139 355 180 385 ut
193 355 316 386 essent
334 349 557 394 quindecim,
578 350 747 381 senatum
760 357 804 380 ex
817 345 977 389 equestri
991 345 1117 379 ordine
1131 344 1326 389 supplevit,
1341 343 1494 388 proscri-

139 400 285 441 ptorum
314 395 438 430 liberis
468 393 523 427 ius
552 391 794 436 petendorum
825 391 1004 424 honorum
1027 390 1161 434 eripuit
1186 394 1223 424 et
1246 389 1346 423 bona
1371 399 1495 423 eorum

139 441 322 483 vendidit3
337 451 379 474 ex
393 438 523 483 quibus
537 437 696 481 plurima
710 435 857 481 (prima)
866 435 999 480 rapuit.
1025 436 1216 469 redactum
1224 432 1497 469 estsestertifim

140 492 196 521 ter
209 486 326 520 milies
340 483 582 529 quingenties.
609 482 651 522 Q.
666 481 880 515 Lucretium
895 480 1066 523 Ofellam,
1083 481 1256 514 adversus
1270 479 1497 513 voluntatem

140 543 245 565 suam
269 529 499 565 consulatum
522 531 648 572 petere
667 538 813 569 ausum,
835 526 940 560 iussit
958 526 1074 560 occidi
1094 526 1131 559 in
1149 525 1247 569 foro,
1270 529 1307 559 et
1325 536 1408 558 cum
1426 525 1497 558 hoc

140 577 291 621 indigne
322 575 435 609 ferret
463 573 623 617 populus
645 572 851 615 Romanus,
884 572 1054 605 contione
1081 571 1262 605 advocata
1286 581 1324 604 se
1350 569 1497 603 iussisse

141 622 240 655 dixit.
280 620 345 655 Cn.
359 618 558 663 Pompeius
578 617 615 651 in
628 617 758 651 Africa
772 616 838 651 Cn.
853 616 1057 650 Domitium
1074 616 1319 660 proscriptum
1338 618 1375 648 et
1387 614 1496 648 Hiar-

140 667 225 700 bam
238 677 363 711 regem
376 663 572 699 Numidiae
590 662 729 697 bellum
742 662 934 696 molientes
947 662 1062 695 victos
1077 661 1212 696 occidit
1224 664 1261 695 et
1274 663 1447 705 quattuor
1461 663 1498 693 et

139 711 272 749 viginti
292 720 406 744 annos
425 712 551 751 natus,
573 708 693 742 adhuc
707 718 819 751 eques
831 707 1037 749 Romanus,
1059 707 1157 751 quod
1170 706 1262 740 nulli
1275 705 1495 749 contigerat,

140 752 323 791 eiAfriea
342 753 592 798 triumphavit.
630 752 669 788 C.
684 752 882 788 Norbanus
902 752 1105 786 consularis
1118 751 1342 796 proscriptus
1356 751 1393 784 in
1406 750 1497 784 urbe

139 801 271 835 Rhodo
285 812 368 834 cum
381 798 753 843 conprehenderetur,
763 798 841 842 ipse
856 809 894 832 se
909 798 1054 831 oceidit.
1080 797 1346 840 Mutilus,unus
1360 807 1404 829 ex
1415 806 1496 840 pro-

140 846 296 890 scriptis,
317 846 412 879 clam
426 844 548 888 capite
563 844 739 888 adoperto
755 843 802 877 ad
815 843 976 887 posticas
991 843 1101 877 aedes
1116 842 1266 876 Bastiae
1280 841 1401 875 uxoris
1415 852 1498 874 eum

140 891 373 934 accessisset,
396 890 575 923 admissus
594 899 668 922 non
682 892 754 931 est,
776 888 862 932 quia
874 888 977 921 illum
990 888 1234 932 proscriptum
1247 887 1403 929 diceret3
1429 886 1497 919 ita-

142 948 212 982 que
232 937 310 981 ipse
330 947 367 970 se
386 934 585 969 transfodit
604 938 642 968 et
655 934 833 979 sanguine
848 944 913 967 suo
927 933 1024 967 fores
1036 934 1157 966 uxoris
1169 932 1354 976 respersit.
1395 931 1500 976 Sylla

141 981 358 1016 Aeserniam
367 981 404 1014 in
415 979 562 1014 Samnio
570 979 721 1023 recepit.
743 979 992 1024 quadraginta
1006 982 1146 1023 septem
1159 978 1325 1023 legiones
1338 977 1375 1010 in
1390 987 1498 1022 agros

141 1031 269 1071 captos
290 1025 441 1060 deduxit
460 1028 497 1059 et
510 1035 571 1059 eos
585 1025 641 1058 his
655 1024 790 1058 divisit.
825 1024 1052 1066 Volaterras,
1075 1023 1174 1068 quod
1189 1023 1364 1067 oppidum
1379 1023 1500 1056 adhuc

142 1073 179 1106 in
193 1072 302 1106 armis
317 1074 407 1114 erat,
429 1070 634 1113 obsessum,
655 1070 692 1103 in
706 1069 931 1104 deditionem
945 1068 1100 1113 accepit.
1138 1068 1339 1113 Mitylenae
1353 1077 1499 1112 quoque

141 1118 179 1151 in
199 1117 307 1160 Asia,
335 1126 429 1161 quae
454 1115 533 1148 sola
552 1115 639 1148 urbs
658 1118 743 1159 post
760 1115 895 1148 victum
910 1113 1162 1148 Mithridatem
1182 1124 1283 1148 arma
1302 1112 1497 1152 retinebat,

142 1165 376 1207 expugnatae
390 1161 606 1205 dirutaeque
621 1164 716 1194 sunt.

675 1212 727 1237 Ex
746 1212 818 1237 L113.
833 1212 972 1237 Lxxxx.

212 1251 316 1297 Sylla
336 1251 511 1295 decessit,
538 1251 726 1295 honosque
747 1250 780 1284 ei
801 1261 822 1284 a
841 1254 973 1284 senatu
991 1249 1139 1283 habitus
1158 1251 1230 1293 est,
1251 1251 1292 1282 ut
1310 1249 1348 1282 in
1369 1258 1500 1292 campo

142 1298 275 1332 Martio
296 1297 523 1341 sepeliretur.
559 1296 609 1329 M.
623 1295 789 1339 Lepidus
808 1306 890 1328 cum
909 1298 993 1328 acta
1007 1293 1133 1340 Syllae
1153 1297 1353 1338 temptaret
1364 1295 1498 1327 rescin-

142 1344 246 1386 dere,
267 1342 407 1377 bellum
428 1341 612 1375 excitavit.
649 1352 671 1374 a
685 1340 727 1381 Q.
743 1339 874 1374 Catulo
890 1340 1036 1385 collega
1048 1339 1161 1373 Italia
1173 1340 1300 1384 pulsus
1314 1342 1351 1373 et
1363 1339 1401 1372 in
1417 1338 1499 1373 Sar-

142 1388 244 1421 dinia
266 1387 403 1422 frustra
427 1386 566 1420 bellum
589 1385 736 1419 molitus
760 1385 879 1429 periit.
927 1384 976 1418 M.
1002 1385 1156 1428 Brutus,
1190 1384 1252 1429 qui
1283 1384 1501 1428 cisalpinam

143 1433 306 1467 Galliam
330 1431 540 1476 optinebat,
562 1442 584 1464 a
602 1430 667 1464 Cn.
689 1430 866 1474 Pompeio
885 1430 1027 1463 occisus
1047 1433 1113 1464 est.
1151 1429 1194 1470 Q.
1217 1428 1398 1463 Sertorius
1417 1440 1500 1472 pro-

142 1478 298 1522 scriptus
317 1477 354 1510 in
372 1476 545 1510 ulteriore
559 1475 742 1520 Hispania
760 1474 892 1520 ingens
910 1474 1050 1508 bellum
1064 1474 1245 1508 excitavit.
1282 1474 1326 1507 L.
1341 1474 1501 1507 Manlius

142 1522 338 1568 proconsul
358 1525 394 1556 et
412 1521 461 1554 M.
482 1520 666 1554 Domitius
692 1520 836 1566 legatus
863 1520 909 1553 ab
929 1519 1113 1553 Hirtuleio
1140 1522 1333 1563 quaestore
1359 1518 1500 1563 proelio

141 1568 228 1602 vieti
247 1570 342 1601 sunt.
379 1569 573 1611 praeterea
590 1577 649 1600 res
664 1565 739 1599 aP.
755 1565 909 1600 Servilio
930 1563 1149 1609 proconsule
1170 1564 1344 1598 adversus
1364 1564 1501 1598 Cilicas

144 1617 266 1659 gestas
280 1612 456 1647 continet.

664 1658 714 1682 Ex
732 1657 806 1682 L1B.
826 1656 977 1682 Lxxxxl.

210 1702 277 1737 Cn.
296 1701 494 1747 Pompeius
520 1712 602 1735 cum
628 1701 748 1735 adhuc
774 1712 885 1745 eques
903 1700 1092 1735 Romanus
1111 1702 1224 1743 esset,
1248 1710 1331 1733 cum
1347 1699 1501 1743 imperio

139 1747 396 1792 proconsulari
427 1747 601 1781 adversus
633 1745 834 1780 Sertorium
863 1747 993 1779 missus
1025 1749 1091 1780 est.
1146 1744 1329 1780 Sertorius
1362 1745 1505 1789 aliquot

140 1794 252 1827 urbes
277 1792 516 1838 expugnavit,
543 1791 791 1836 plurimasque
816 1791 984 1825 civitates
1008 1791 1045 1825 in
1072 1794 1293 1835 potestatem
1318 1801 1422 1824 suam
1447 1800 1503 1824 re-

140 1838 258 1884 degit.
294 1838 438 1882 Appius
452 1836 628 1872 Claudius
647 1837 844 1881 proconsul
865 1836 1031 1870 Thracas
1049 1836 1216 1880 pluribus
1234 1835 1385 1880 proeliis
1404 1836 1502 1869 vicit.

141 1882 190 1920 Q.
204 1883 376 1917 Metellus
388 1882 585 1928 proconsul
598 1882 642 1915 L.
656 1882 880 1916 Hirtuleium
894 1886 1127 1927 quaestorem
1142 1881 1294 1917 Sertorii
1307 1892 1390 1915 cum
1404 1891 1501 1915 exer-

142 1928 221 1962 citu
233 1928 378 1962 cecidit.

660 1974 712 1999 Ex
730 1974 806 1998 ΜΒ.
826 1974 993 1998 Lxxxxu.

215 2017 279 2052 Cn.
290 2016 487 2061 Pompeius
502 2016 612 2051 dubio
627 2020 758 2051 eventu
772 2028 854 2050 cum
864 2016 1023 2051 Sertorio
1037 2016 1227 2061 pugnavit,
1237 2016 1289 2049 ita
1302 2018 1343 2049 ut
1356 2015 1504 2059 singula

146 2074 191 2097 ex
203 2066 359 2106 utraque
373 2066 477 2107 parte
492 2073 629 2096 cornua
642 2061 805 2096 vicerint.
837 2061 880 2101 Q.
895 2061 1067 2096 Metellus
1083 2061 1284 2096 Sertorium
1298 2064 1335 2095 et
1346 2061 1502 2104 Perper-

148 2120 233 2142 nam
252 2119 334 2142 eum
353 2107 495 2141 duobus
516 2106 734 2141 exercitibus
752 2106 893 2150 proelio
912 2106 1025 2149 fudit3
1051 2107 1153 2140 euius
1171 2106 1346 2139 victoriae
1360 2110 1504 2149 partem

147 2153 298 2198 cupiens
311 2152 407 2187 ferre
421 2152 619 2196 Pompeius
632 2163 761 2196 parum
773 2162 946 2195 prospere
959 2152 1150 2196 pugnavit.
1188 2151 1357 2185 obsessus
1371 2150 1503 2184 deinde

150 2198 303 2233 Cluniae
325 2197 506 2232 Sertorius
532 2196 694 2230 adsiduis
719 2196 971 2241 eruptionibus
996 2208 1070 2230 non
1094 2196 1233 2230 leviora
1253 2196 1388 2229 damna
1407 2195 1503 2229 obsi-

149 2244 319 2277 dentibus
344 2243 478 2276 intulit.
514 2246 706 2286 praeterea
724 2253 781 2275 res
807 2241 853 2275 ab
874 2241 1031 2276 Curione
1051 2240 1267 2286 proconsule
1287 2240 1325 2273 in
1344 2240 1505 2274 Thracia

148 2292 273 2334 gestas
287 2288 459 2322 adversus
472 2287 669 2321 Dardanos
684 2290 720 2321 et
734 2286 777 2327 Q.
792 2285 930 2320 Sertori
948 2287 1064 2320 multa
1078 2286 1243 2320 crudelia
1255 2286 1292 2319 in
1307 2296 1389 2319 suos
1402 2285 1505 2319 facta

150 2333 331 2376 continet,
356 2333 419 2377 qui
440 2332 617 2376 plurimos
638 2343 681 2366 ex
701 2331 826 2366 amieis
847 2335 883 2366 et
895 2343 1019 2366 secum
1031 2331 1243 2377 proscriptis
1258 2331 1407 2365 erimine
1422 2341 1502 2375 pro-

150 2379 299 2412 ditionis
313 2378 542 2411 insimulatos
557 2377 700 2411 occidit.

658 2424 707 2448 fix
726 2424 798 2448 ΜΒ.
817 2423 997 2448 Lxxxxm.

219 2468 261 2502 P.
277 2467 450 2502 Servilius
469 2467 665 2512 proconsul
685 2467 721 2500 in
736 2467 865 2501 Cilicia
878 2467 1024 2500 Isauros
1039 2466 1179 2500 domuit
1192 2469 1229 2501 et
1242 2466 1382 2510 aliquot
1394 2465 1504 2499 urbes

149 2514 351 2559 piratarum
365 2513 601 2557 expugnavit.
638 2512 856 2547 Nicomedes
869 2512 1066 2557 Bithyniae
1081 2523 1143 2546 rex
1156 2513 1315 2546 moriens
1327 2511 1504 2556 populum

149 2560 356 2593 Romanum
380 2558 470 2592 fecit
494 2558 682 2600 heredem,
709 2568 935 2603 regnumque
960 2558 1038 2592 eius
1063 2558 1100 2590 in
1119 2556 1330 2601 provinciae
1349 2556 1505 2590 formam

150 2604 340 2638 redactum
354 2607 419 2638 est.
450 2602 682 2637 Mithridates
696 2602 844 2637 foedere
857 2614 940 2636 eum
955 2602 1114 2637 Sertorio
1128 2603 1201 2636 icto
1215 2602 1352 2636 bellum
1366 2602 1504 2645 populo

152 2650 316 2683 Romano
341 2648 474 2682 intulit.
523 2651 723 2693 apparatus
748 2648 833 2682 dein
856 2648 1041 2693 regiarum
1066 2648 1254 2692 copiarum
1280 2647 1503 2691 pedestrium

151 2695 428 2739 navaliumque3
453 2696 490 2728 et
509 2697 689 2739 occupata
708 2693 901 2738 Bithynia,
924 2693 972 2727 M.
987 2693 1160 2727 Aurelius
1180 2692 1290 2728 Cotta
1309 2693 1435 2727 consul
1456 2693 1503 2726 ad
