1804 2926
276 189 360 230 214
390 196 681 232 PERIOCHAE
706 195 973 232 LIBRORUM
998 193 1584 229 LXXXXffl—LXXXXVIII.

275 288 513 323 Calchedona
536 287 675 332 proelio
697 298 719 321 a
737 298 826 332 rege
851 288 986 330 vietus3
1010 297 1142 331 resque
1169 297 1190 320 a
1215 284 1392 328 Pompeio
1419 288 1456 318 et
1480 283 1632 318 Metello

275 334 449 367 adversus
464 332 666 367 Sertorium
679 336 825 377 [gestae
835 359 843 375 ,
866 333 946 377 quil
966 332 1134 366 omnibus
1148 331 1237 365 belli
1252 330 1477 373 militiaeque
1491 329 1633 363 artibus

273 390 341 423 par
353 379 423 412 fuit
439 381 463 421 [.
480 405 487 412 .
504 382 530 420 .]
551 382 587 412 et
601 378 647 412 ab
663 377 851 412 obsidione
867 378 1059 423 Calaguris
1074 376 1200 421 oppidi
1215 375 1388 419 depulsos
1403 374 1566 419 coegerit
1580 374 1632 408 di-

273 435 396 457 versas
410 423 580 469 regiones
592 427 731 468 petere,
747 422 939 457 Metellum
953 423 1163 457 ulteriorem
1177 420 1406 466 Hispaniam,
1416 419 1633 465 Pompeium

275 468 447 503 Galliam.

774 515 827 540 Ex
846 515 919 540 Llss.
938 515 1132 540 Lxxxxmi.

341 559 384 593 L.
405 559 570 593 Licinius
590 558 768 593 Lucullus
794 558 921 593 consul
949 558 1121 592 adversus
1142 557 1383 591 Mithridaten
1402 555 1633 600 equestribus

272 605 421 650 proeliis
447 605 605 639 feliciter
628 604 809 650 pugnavit
834 608 870 639 et
896 603 1036 648 aliquot
1060 603 1311 655 expeditiones
1330 613 1526 646 prosperas
1546 601 1635 635 fecit

272 655 537 696 poscentesque
550 662 715 695 pugnam
729 649 862 684 milites
877 660 898 683 a
912 648 1089 683 seditione
1104 648 1273 682 inhibuit.
1295 647 1495 682 Deiotarus
1506 646 1633 682 Gallo-

274 697 446 741 graeciae
466 699 668 729 tetrarches
688 695 895 739 praefectos
914 694 1138 728 Mithridatis
1163 694 1301 728 bellum
1316 693 1352 726 in
1372 692 1539 738 Phrygia
1558 702 1633 726 mo-

273 746 399 775 ventes
425 741 567 775 cecidit.
618 745 812 784 praeterea
837 751 894 774 res
915 751 937 774 a
957 739 1022 774 Cn.
1044 739 1221 784 Pompeio
1242 739 1279 772 in
1300 738 1482 782 Hispania
1507 742 1636 772 contra

274 786 474 821 Sertorium
486 797 660 831 prospero
674 790 799 831 gestas
814 785 987 820 continet.

790 839 840 863 Ex
860 839 933 863 Lus.
954 836 1117 862 Lxxxxv.

342 877 381 911 C.
402 877 511 911 Curio
532 876 728 921 proconsul
747 876 943 910 Dardanos
970 876 1008 909 in
1028 873 1191 908 Thracia
1215 874 1366 908 domuit.
1405 877 1579 917 quattuor
1599 878 1636 908 et

274 922 512 966 septuaginta
537 922 764 967 gladiatores
785 922 936 966 Capuae
961 932 1004 954 cx
1029 920 1115 953 ludo
1136 919 1288 953 Lentuli
1312 918 1572 964 profugerunt,
1599 922 1637 953 et

274 972 501 1012 congregata
534 967 765 1001 servitiorum
796 965 1137 1011 ergastulorumque
1169 964 1421 1006 multitudine,
1461 963 1568 997 Crixo
1599 968 1637 998 et

275 1015 454 1056 Spartaco
482 1012 637 1046 ducibus
662 1011 760 1045 bello
776 1014 952 1053 excitato,
975 1010 1171 1044 Claudium
1195 1009 1395 1042 Pulchrum
1414 1008 1580 1054 legatum
1599 1013 1637 1043 et

275 1057 316 1091 Ρ.
332 1057 518 1091 Varenum
537 1060 745 1102 praetorem
763 1056 904 1100 proelio
918 1056 1093 1096 vicerunt.
1127 1054 1170 1087 L.
1186 1053 1363 1087 Lucullus
1378 1054 1574 1097 proconsul
1589 1054 1635 1088 ad

274 1102 449 1147 Cyzicum
468 1103 597 1136 urbem
615 1101 815 1136 exercitum
833 1100 1056 1134 Mithridatis
1077 1099 1175 1133 fame
1195 1100 1366 1143 ferroque
1381 1099 1534 1143 delevit,
1556 1099 1635 1144 pul-

274 1159 425 1192 sumque
439 1148 617 1193 Bithynia
635 1158 777 1192 regem,
798 1146 908 1180 variis
930 1146 1019 1180 belli
1040 1156 1083 1180 ae
1101 1144 1379 1190 naufragiorum
1398 1144 1543 1179 casibus
1561 1145 1633 1179 fra-

275 1197 383 1237 ctum,
399 1194 521 1238 coegit
534 1193 572 1227 in
584 1193 746 1227 Pontum
757 1192 969 1237 profugere.

788 1245 839 1270 Ex
858 1245 930 1270 L113.
947 1243 1124 1269 Lxxxxw.

343 1283 385 1324 Q.
400 1284 530 1317 Arrius
549 1287 699 1328 praetor
712 1283 860 1318 Crixum
879 1282 1118 1328 fugitivorum
1139 1281 1270 1316 ducem
1290 1292 1372 1316 cum
1391 1279 1522 1326 viginti
1541 1280 1634 1315 mili-

274 1329 342 1363 bus
362 1330 549 1363 hominum
569 1329 713 1363 cecidit.
751 1329 815 1363 Cn.
831 1328 1013 1362 Lentulus
1033 1327 1160 1361 consul
1179 1327 1274 1361 male
1295 1327 1470 1361 adversus
1485 1326 1635 1370 Sparta-

274 1386 357 1409 cum
369 1375 558 1420 pugnavit.
583 1374 629 1408 ab
645 1374 774 1409 eodem
787 1374 830 1407 L.
847 1373 990 1408 Gellius
1007 1372 1135 1407 consul
1149 1378 1185 1406 et
1199 1372 1380 1412 Q.Arrius
1393 1376 1542 1416 praetor
1556 1372 1635 1407 acie

273 1420 360 1454 victi
375 1424 469 1453 sunt.
497 1420 678 1454 Sertorius
695 1431 716 1453 a
730 1419 778 1453 M.
793 1419 983 1464 Perperna
997 1422 1032 1453 et
1046 1417 1275 1452 M'.Ant0nio
1291 1422 1327 1452 et
1340 1417 1422 1451 aliis
1437 1417 1635 1452 coniuratis

274 1466 311 1499 in
325 1466 490 1498 convivio
510 1465 725 1499 interfectus
741 1469 807 1507 est,
829 1469 958 1498 octavo
974 1464 1128 1497 ducatus
1143 1463 1197 1497 sui
1214 1474 1320 1507 anno,
1342 1473 1498 1507 magnus
1513 1463 1585 1496 dux
1599 1467 1635 1496 et

275 1511 448 1544 adversus
463 1511 553 1544 duos
567 1511 818 1555 imperatores,
833 1509 1050 1553 Pompeium
1063 1512 1099 1543 et
1113 1508 1314 1551 Metellum,
1335 1508 1393 1542 vel
1406 1508 1636 1551 frequentius

273 1555 405 1598 victor,
433 1556 480 1589 ad
505 1556 674 1589 ultimum
699 1558 735 1589 et
761 1566 890 1588 saevus
911 1560 947 1588 et
971 1554 1160 1598 prodigus.
1197 1553 1390 1597 imperium
1408 1553 1568 1597 partium
1588 1554 1635 1586 ad

275 1600 440 1634 Marcum
460 1601 695 1643 translatum,
718 1611 826 1644 quem
841 1599 906 1633 Cn.
920 1599 1118 1643 Pompeius
1139 1598 1274 1632 victum
1288 1602 1511 1642 captumque
1525 1598 1635 1632 inter-

274 1645 379 1688 fecit,
407 1657 449 1679 ae
474 1647 616 1689 recepit
640 1645 842 1689 Hispanias
869 1644 1011 1677 decimo
1037 1644 1112 1677 fere
1139 1654 1235 1677 anno
1261 1654 1371 1687 quam
1390 1647 1561 1687 coeptum
1580 1647 1635 1677 est

274 1691 423 1725 bellum.
455 1690 494 1725 C.
510 1690 658 1725 Cassius
673 1689 868 1735 proconsul
882 1693 919 1723 et
933 1688 998 1723 Cn.
1013 1689 1173 1723 Manlius
1187 1693 1335 1732 praetor
1348 1688 1442 1722 male
1459 1689 1633 1722 adversus

276 1736 494 1780 Spartacum
513 1739 789 1781 pugnaverunt,
810 1735 920 1779 idque
941 1734 1079 1769 bellum
1092 1733 1142 1767 M.
1157 1734 1289 1768 Crasso
1307 1734 1470 1778 praetori
1483 1734 1634 1768 manda-

275 1786 352 1815 tum
366 1785 431 1815 est.

780 1827 831 1852 Ex
850 1827 922 1852 ΜΒ.
944 1827 1135 1851 Lxxxxvn.

343 1871 391 1905 M.
419 1871 572 1905 Crassus
596 1875 746 1916 praetor
770 1870 927 1915 primum
953 1882 1035 1904 cum
1060 1873 1165 1914 part-c
1190 1869 1445 1915 fugitivorum,
1473 1881 1567 1914 quae
1592 1882 1636 1905 ex

275 1916 395 1951 Gallis
418 1917 686 1961 Germanisque
707 1916 917 1958 constabat,
938 1915 1097 1949 feliciter
1116 1915 1314 1960 pugnavit,
1340 1915 1457 1949 caesis
1476 1915 1635 1949 hostium

273 1962 426 2007 triginta
447 1962 607 2006 quinque
628 1961 775 1995 milibus
794 1964 831 1995 et
851 1960 1006 1994 ducibus
1020 1971 1145 1994 eorum
1159 1962 1269 1994 Casto
1284 1964 1320 1994 et
1335 1959 1516 1994 Gannico.
1554 1972 1637 1994 cum

275 2007 451 2051 Spartaco
474 2007 607 2041 deinde
623 2006 841 2049 debellavit,
863 2006 979 2040 caesis
994 2017 1076 2039 cum
1090 2005 1169 2050 ipso
1184 2005 1378 2051 sexaginta
1391 2005 1549 2040 milibus.
1587 2006 1635 2039 M.

273 2053 455 2086 Antonius
491 2056 641 2097 praetor
677 2052 815 2086 bellum
853 2051 1028 2085 adversus
1068 2050 1261 2085 Cretenses
1298 2062 1427 2094 parum
1461 2062 1637 2095 prospere

273 2102 483 2142 susceptum
496 2102 611 2132 morte
625 2109 693 2131 sua
705 2096 811 2130 finiit.
835 2096 884 2130 M.
894 2096 1071 2130 Lucullus
1086 2096 1282 2141 proconsul
1296 2096 1462 2130 Thracas
1477 2096 1635 2142 subegit.

274 2143 316 2176 L.
332 2143 509 2176 Lucullus
522 2143 559 2176 in
572 2143 692 2177 Ponto
708 2143 881 2177 adversus
890 2141 1131 2176 Mithridaten
1145 2142 1303 2176 feliciter
1315 2141 1506 2187 pugnavit,
1518 2142 1635 2176 caesis

272 2189 431 2222 hostium
445 2189 601 2233 amplius
616 2200 726 2233 quam
741 2187 934 2233 sexaginta
947 2187 1061 2221 milia.
1088 2187 1136 2220 M.
1147 2187 1299 2221 Crassus
1314 2190 1350 2221 et
1364 2186 1636 2231 Cn.Pompeius

273 2234 442 2268 eonsules
455 2234 547 2268 facti
560 2236 583 2278 †
597 2235 648 2267 sic
662 2237 702 2267 ut
715 2233 926 2278 Pompeius,
943 2236 1140 2277 antequam
1155 2238 1389 2276 quaesturam
1409 2236 1571 2277 gereret,
1593 2243 1636 2266 ex

274 2280 395 2324 equite
408 2279 595 2323 Romano,
616 2278 851 2313 tribuniciam
869 2282 1092 2322 potestatem
1112 2277 1361 2312 restituerunt.
1398 2277 1535 2311 iudicia
1549 2288 1636 2322 quo-

275 2336 344 2369 que
363 2336 429 2369 per
442 2324 486 2357 L.
501 2325 694 2359 Aurelium
709 2324 856 2359 Cottam
875 2327 1083 2368 praetorem
1098 2323 1144 2357 ad
1159 2323 1300 2367 equites
1314 2323 1501 2356 Romanos
1517 2327 1635 2356 trans-

275 2370 351 2403 lata
381 2374 477 2404 sunt.
526 2370 760 2404 Mithridates
793 2369 1050 2413 desperatione
1081 2380 1204 2403 rerum
1233 2380 1382 2402 suarum
1412 2371 1561 2402 coactus
1588 2367 1635 2402 ad

275 2415 476 2459 Tigranem
489 2415 686 2449 Armeniae
702 2426 828 2460 regem
842 2414 1024 2459 confugit.

769 2467 819 2492 Ex
838 2467 912 2491 ΜΒ.
933 2467 1141 2491 Lxxxxvm.

342 2504 536 2539 Machares
556 2504 656 2538 filius
675 2504 919 2547 Mithridatis,
939 2504 1096 2548 Bospori
1114 2516 1194 2543 rex,
1217 2515 1239 2538 a
1253 2503 1295 2537 L.
1311 2503 1469 2537 Lucullo
1490 2503 1527 2537 in
1547 2502 1633 2536 ami-

276 2549 400 2583 citiam
420 2554 591 2595 receptus
612 2554 676 2584 est.
715 2550 781 2584 Cn.
796 2550 976 2584 Lentulus
997 2554 1033 2583 et
1052 2549 1096 2583 L.
1112 2549 1255 2584 Gellius
1277 2560 1446 2583 censores
1467 2559 1633 2592 asperam

275 2606 468 2628 censuram
493 2601 649 2640 egerunt
674 2599 847 2639 quattuor
872 2599 908 2628 et
931 2595 1124 2639 sexaginta
1149 2598 1280 2629 senatu
1304 2594 1424 2628 motis.
1462 2604 1484 2627 a
1504 2592 1634 2637 quibus

276 2639 388 2672 lustro
403 2640 549 2674 condito
565 2652 674 2674 censa
689 2644 774 2673 sunt
787 2640 920 2673 civium
934 2641 1057 2683 capita
1070 2644 1259 2685 nongenta
1273 2640 1383 2673 milia.
1410 2638 1452 2671 L.
1464 2637 1634 2671 Metellus

276 2688 423 2727 praetor
447 2685 484 2718 in
505 2685 630 2720 Sicilia
655 2687 830 2720 adversus
849 2685 987 2729 piratas
1006 2696 1180 2729 prospere
1199 2696 1275 2719 rem
1295 2683 1419 2729 gessit.
1457 2682 1632 2727 templum
