1804 2926
424 165 576 199 LIBER
600 164 787 208 xxxxi,
815 164 867 197 18.
890 164 941 197 19.
969 165 1018 206 [a.
1035 164 1164 198 0176.
1181 165 1261 207 175]
1470 156 1519 196 17

173 266 296 309 simul
320 267 508 321 partibus
534 266 673 307 subire
698 266 738 306 in
759 266 957 307 adversos
977 273 1138 307 montes
1158 267 1306 321 coepit.
1344 283 1393 309 ea
1411 282 1520 322 pars,

171 329 213 369 in
238 343 321 381 qua
344 328 433 382 ipse
459 334 560 377 erat,
585 328 747 382 inpigre
773 327 1043 376 succedebat3
1069 328 1243 369 alteram
1268 329 1407 370 hostes
1427 344 1521 370 cum

170 390 468 445 propulissent,
505 397 552 430 ut
575 390 812 431 restitueret
835 404 923 430 rem
948 389 1208 439 inclinatam,
1246 392 1390 432 consul
1415 406 1522 444 equo

170 452 370 493 advectus
396 467 493 493 suos
519 451 688 505 quidem
713 467 738 491 a
762 451 865 505 fuga
889 451 1114 500 revocavit,
1138 452 1228 506 ipse
1255 453 1355 493 dum
1379 453 1523 494 incau-

170 514 252 554 tius
278 520 372 554 ante
397 514 517 568 signa
541 513 805 561 obversatur,
832 513 978 553 missili
1003 514 1199 555 traiectus
1225 515 1386 556 cecidit.
1446 530 1523 556 nec

169 575 308 616 hostes
343 576 491 616 ducem
522 575 705 616 occisum
736 582 972 624 senserunt,
1009 582 1050 616 et
1075 590 1245 616 suorum
1270 577 1412 631 pauci,
1449 577 1520 630 qui

170 637 378 686 viderant,
410 637 523 677 haud
554 637 839 691 neclegenter,
871 644 918 677 ut
943 637 1014 690 qui
1038 637 1080 677 in
1106 652 1154 678 eo
1180 638 1394 679 victoriam
1419 640 1523 680 verti

171 698 336 748 scirent,
363 713 512 753 corpus
538 699 813 743 occultavere.
852 699 933 739 alia
954 699 1176 739 multitudo
1200 700 1388 754 peditum
1408 701 1524 754 equi—

171 768 344 814 tumque
370 760 600 801 deturbatis
625 760 814 801 hostibus
839 761 991 801 montis
1017 761 1105 802 sine
1131 761 1236 802 duce
1263 777 1422 816 cepere.
1471 763 1525 803 ad

171 822 353 875 quinque
377 822 492 863 milia
522 822 732 877 Ligurum
758 822 895 863 occisa
904 839 914 871 3
940 838 991 863 ex
1012 822 1205 865 Romano
1231 824 1415 865 exercitu
1441 824 1524 865 duo

171 891 212 925 et>
236 884 541 939 quinquaginta
566 884 817 925 ceciderunt.
879 900 1004 939 super
1028 892 1112 925 tam
1138 886 1373 927 evidentem
1397 886 1524 927 tristis

171 947 320 987 ominis
351 954 547 988 eventum
577 947 702 988 etiam
735 962 787 988 ex
817 947 994 1001 pullario
1026 947 1271 997 auditumst,
1306 948 1454 988 vitium
1482 949 1525 988 in

173 1008 357 1062 auspicio
382 1008 524 1057 fuisse,
549 1023 627 1049 nec
651 1008 694 1049 id
719 1009 934 1050 consulem
959 1009 1188 1064 ignorasse.
1251 1008 1301 1050 C.
1327 1010 1523 1052 Valerius

173 1070 315 1110 audita

646 1133 667 1152 3}
840 1132 861 1153 ἦέ
1035 1133 1056 1153 ἦέ·

174 1193 314 1249 [periti
339 1194 588 1247 religionum
613 1193 798 1247 iurisque
824 1193 1000 1248 publici,
1026 1195 1194 1246 quando
1220 1194 1302 1235 duo
1328 1195 1523 1235 ordinarii

173 1257 362 1297 consules
388 1256 476 1297 eius
502 1256 612 1304 anni,
639 1256 743 1296 alter
766 1256 926 1305 morbo,
953 1256 1056 1296 alter
1080 1256 1190 1296 ferro
1210 1256 1411 1310 periisset,
1439 1256 1524 1297 suf-

172 1318 328 1360 fectum
353 1318 568 1359 consulem
591 1318 804 1371 negabant
828 1325 939 1358 recte
966 1317 1132 1358 comitia
1156 1317 1310 1359 habere
1335 1317 1478 1372 posse]

172 1441 203 1497 [.
220 1474 228 1482 .
246 1474 254 1482 .
270 1440 300 1495 .]
329 1441 513 1482 deduxit.

256 1503 453 1546 XVIIII.
493 1501 566 1543 Cis
592 1503 866 1557 Apenninum
891 1501 1043 1544 Garuli
1068 1511 1108 1544 et
1133 1503 1327 1557 Lapicini
1352 1510 1391 1544 et
1417 1504 1526 1544 Her-

171 1572 303 1620 gateS,
329 1573 442 1606 trans
457 1565 730 1619 Apenninum
752 1565 962 1605 Briniates
988 1565 1154 1605 fuerant
1178 1565 1287 1605 intra
1300 1565 1525 1605 Audenam

172 1642 349 1668 amnem.
408 1626 458 1667 P.
484 1626 656 1667 BIucius
682 1641 777 1667 cum
801 1629 849 1675 is,
876 1627 948 1679 qui
974 1627 1142 1667 Lunam
1168 1626 1375 1680 Pisasque
1400 1626 1527 1680 depo-

171 1689 303 1744 pulati
329 1695 458 1737 erant,
484 1689 640 1729 bellum
666 1688 809 1743 gessit,
835 1689 1113 1741 omnibusque
1138 1689 1181 1729 in
1202 1689 1409 1729 dicionem
1433 1688 1526 1729 red-

173 1751 274 1792 actis
312 1765 426 1791 arma
457 1750 625 1792 ademit.
686 1751 739 1791 ob
772 1766 841 1792 eas
878 1766 943 1792 res
974 1751 1018 1791 in
1045 1750 1185 1792 Gallia
1209 1750 1526 1805 Liguribusque

172 1820 312 1867 gestas
349 1813 527 1853 duorum
559 1813 779 1853 consulum
815 1813 943 1853 ductu
982 1813 1253 1868 auspicioque
1285 1820 1453 1854 senatus
1484 1812 1526 1852 in

172 1874 356 1914 triduum
393 1874 715 1928 supplicationes
759 1874 943 1915 decrevit
978 1882 1019 1916 et
1062 1875 1341 1928 quadraginta
1380 1873 1524 1914 hostiis

175 1935 396 1976 sacrificari
420 1934 551 1975 iussit.

259 1996 316 2036 Et
340 1996 543 2036 tumultus
569 1996 737 2049 quidem
753 1996 942 2038 Gallicus
969 2004 1008 2038 et
1028 1997 1292 2051 Ligustinus,
1319 1996 1391 2049 qui
1415 1996 1526 2050 prin-

176 2057 283 2112 cipio
309 2057 396 2099 eius
424 2057 521 2097 anni
546 2066 714 2098 exortus
740 2058 895 2105 fuerat,
928 2058 1029 2100 haut
1053 2072 1206 2111 magno
1233 2066 1385 2098 conatu
1410 2056 1525 2097 brevi

176 2134 398 2174 oppressus
432 2126 538 2168 crat3
576 2120 673 2160 belli
697 2120 963 2160 Macedonici
995 2120 1161 2161 subibat
1186 2120 1268 2160 iam
1294 2135 1412 2168 cura,
1449 2119 1525 2159 mi-

175 2189 314 2223 scente
344 2182 501 2222 Perseo
537 2182 644 2223 inter
681 2181 904 2222 Dardanos
937 2182 1249 2234 Bastarnasque
1287 2181 1524 2222 certamina.

175 2252 216 2284 et.
239 2244 379 2298 legati,
405 2244 476 2296 qui
501 2243 616 2283 missi
641 2244 694 2283 ad
718 2258 782 2284 res
804 2243 995 2283 visendas
1020 2243 1062 2283 in
1075 2243 1371 2284 Macedoniam
1395 2252 1524 2291 erant,

174 2306 258 2346 iam
298 2312 553 2346 reverterant
590 2305 770 2346 Romam
805 2305 1246 2358 renuntiavcrantque,
1290 2305 1446 2346 bellum
1482 2304 1524 2345 in

176 2367 392 2408 Dardania
423 2382 526 2408 esse.
586 2367 709 2407 simul
741 2374 941 2408 venerant
971 2375 1012 2407 ct
1042 2367 1096 2407 ab
1128 2382 1227 2421 rege
1252 2367 1408 2408 Perseo
1434 2381 1525 2408 ora-

175 2438 303 2478 tores,
341 2429 413 2482 qui
448 2436 676 2484 purgarent
712 2444 788 2470 nec
825 2429 977 2470 accitos
1014 2429 1066 2470 ab
1103 2444 1151 2470 eo
1183 2430 1410 2470 Bastarnas
1448 2443 1525 2470 nec

176 2500 343 2533 auctore
381 2505 429 2531 eo
467 2492 691 2544 quicquam
727 2491 878 2532 facere.
939 2498 1106 2532 senatus
1143 2506 1220 2533 nec
1256 2491 1405 2532 liberat
1436 2491 1524 2531 eius

175 2555 322 2608 culpae
353 2568 496 2607 regem
526 2568 661 2607 neque
679 2553 849 2608 *arguit3
885 2553 1043 2594 moneri
1075 2569 1170 2595 eum
1206 2560 1367 2594 tantum
1399 2553 1523 2593 modo

173 2616 310 2663 iussit,
347 2623 391 2656 ut
417 2615 541 2656 ctiam
566 2623 690 2669 atquc
716 2615 837 2657 ctiam
867 2623 1046 2665 curaret,
1079 2623 1125 2656 ut
1149 2622 1339 2656 sanctum
1370 2614 1523 2656 habere

245 2682 302 2708 Livi
315 2682 365 2709 vol.
379 2681 424 2708 JV.
1284 2682 1306 2713 2

1553 711 1591 740 13

1553 897 1592 926 14

1552 1021 1590 1050 15

1553 1206 1590 1234 16

1555 1514 1569 1541 l

1553 1760 1570 1788 2
