1804 2926
261 163 313 203 88
545 172 695 205 LIBER
723 171 949 214 XXXXIII,
980 173 1006 203 l.
1029 172 1060 203 2.
1090 173 1137 213 [a.
1155 181 1188 203 u.
1205 171 1333 212 c.583j

262 282 376 323 runt,
405 273 601 315 Cassium
627 274 869 328 Aquileiam
894 274 1048 314 indicto
1075 273 1259 314 exercitu
1284 273 1516 328 profectum
1544 289 1616 329 per

265 338 334 391 1115
345 337 475 377 rivum
500 336 542 376 in
566 336 865 376 Macedoniam
891 351 993 377 esse.
1039 352 1088 376 ca
1113 351 1178 376 res
1204 336 1337 389 primo
1363 336 1616 377 incredibilis

261 399 362 447 visa,
390 405 429 439 et
454 412 528 452 pro
555 412 598 438 se
624 398 800 451 quisque
823 399 990 439 credere
1006 398 1156 438 Carnis
1183 398 1356 438 forsitan
1378 405 1446 439 aut
1463 399 1617 439 Histris

217 477 234 500 s
261 460 416 500 bellum
441 459 629 500 inlatum.
667 467 757 500 tum
771 460 1066 513 Aquileienses
1092 460 1193 500 nihil
1219 475 1262 501 sc
1282 460 1391 500 ultra
1416 460 1520 501 scire
1541 474 1619 501 nec

260 522 414 563 audere
440 522 660 562 adfirmare
686 535 813 574 quam
838 522 1009 576 triginta
1028 522 1190 563 dierum
1216 522 1473 562 frumentum
1499 522 1618 563 militi

261 585 404 625 datum
430 593 469 626 et
495 584 636 632 duces,
663 584 734 637 qui
760 599 811 625 ex
826 583 949 624 Italia
973 584 1121 625 itinera
1145 584 1188 624 in
1202 584 1500 625 Macedoniam
1524 599 1619 625 nos-

217 664 232 689 :J
261 654 372 695 sent,
410 647 665 700 co’nquisitos
703 645 1007 699 abductosque.
1069 646 1280 687 enimvero
1312 654 1480 686 senatus
1512 646 1619 687 indi-

259 709 394 763 gnari,
414 716 575 749 tantum
595 708 809 749 consulem
829 723 992 756 ausum,
1013 715 1058 748 ut
1078 723 1196 748 suam
1217 708 1476 763 provinciam
1496 709 1620 750 relin-

261 778 427 824 queret,
464 771 508 810 in
540 770 719 811 alienam
751 770 963 818 transiret,
995 770 1225 811 exereitum
1250 785 1359 810 novo
1384 770 1618 825 periculoso

260 833 404 873 itincre
436 833 543 874 inter
568 841 731 873 exteras
755 840 902 887 gentes
929 832 1118 881 duceret,
1152 833 1265 873 viani
1297 840 1354 873 tot
1380 833 1619 874 nationibus

198 909 234 938 lo
258 895 301 935 in
317 895 482 935 Italiam
509 894 701 949 aperiret.
741 895 969 936 decernunt
994 894 1248 947 frequentes,
1274 902 1319 934 ut
1339 893 1388 934 C.
1406 894 1618 949 Sulpicius

259 966 426 1012 praetor
456 957 529 998 tris
555 972 606 998 ex
632 966 781 999 senatu
812 957 998 998 nominet
1022 957 1205 1011 legatos,
1231 957 1303 1010 qui
1329 971 1377 998 co
1404 957 1470 998 die
1494 958 1620 1012 profi-

260 1020 470 1061 ciscantur
488 1035 540 1061 cx
565 1020 669 1061 urbe
690 1028 730 1061 et
756 1028 960 1074 quantum
982 1020 1220 1061 adcelerare
1245 1020 1406 1074 possint
1423 1019 1620 1061 Cassium

196 1095 227 1123 τι
260 1083 488 1132 consulem,
513 1082 769 1136 ubicumque
797 1082 861 1131 sit,
886 1090 1206 1136 persequantur,
1226 1083 1431 1131 nuntient,
1456 1098 1508 1124 ne
1533 1083 1621 1123 bel-

259 1145 346 1185 lum
372 1160 468 1186 cum
493 1145 580 1185 ulla
604 1152 730 1199 gente
756 1152 924 1185 moveat
949 1144 1028 1184 nisi
1054 1159 1149 1185 eum
1171 1159 1254 1198 qua
1276 1152 1444 1185 senatus
1471 1159 1620 1198 geren-

195 1219 233 1247 12
259 1207 359 1247 dum
383 1207 604 1248 censuerit.
642 1207 770 1261 legati
795 1206 837 1246 hi
861 1206 1039 1261 profecti
1064 1206 1127 1246 .M.
1145 1204 1365 1247 Cornelius
1390 1204 1620 1261 Cethegus,

259 1269 322 1310 M.
348 1269 547 1318 Fulvius,
579 1268 630 1309 P.
656 1269 845 1310 Marcius
872 1269 978 1309 Rex.
1039 1276 1176 1309 metus
1211 1268 1262 1309 de
1294 1268 1463 1309 consule
1495 1277 1620 1322 atque

260 1332 445 1372 exercitu
471 1331 630 1372 distulit
655 1345 704 1373 eo
730 1338 918 1385 tempore
942 1331 1194 1372 muniendae
1214 1330 1437 1384 Aquileiae
1463 1345 1620 1371 euram.

219 1405 230 1432 1
344 1394 402 1433 H.
435 1394 668 1447 Hispaniae
694 1393 844 1434 deinde
863 1393 1083 1446 utriusque
1109 1392 1238 1447 legati
1263 1392 1422 1446 aliquot
1446 1393 1622 1447 populo-

260 1470 353 1494 rum
384 1455 427 1494 in
459 1464 650 1495 senatum
679 1455 918 1495 introducti.
979 1455 1008 1494 ii
1033 1454 1084 1495 de
1115 1454 1439 1508 magistratuum
1463 1454 1621 1495 Roma-

259 1530 410 1556 norum
446 1517 620 1557 avaritia
653 1517 932 1570 superbiaque
965 1517 1201 1569 conquesti,
1239 1516 1325 1556 nixi
1355 1516 1534 1570 genibus
1567 1516 1620 1556 ab

261 1586 407 1619 senatu
433 1579 662 1632 petierunt,
693 1594 746 1619 ne
779 1593 822 1619 sc
849 1578 982 1618 socios
1008 1578 1172 1618 foedius
1198 1578 1368 1632 spoliari
1392 1577 1620 1631 vexarique

215 1652 233 1681 3
259 1654 385 1693 quaxn
412 1639 540 1681 hostis
566 1640 791 1695 patiantur.
841 1654 937 1680 cuni
963 1646 1002 1680 et
1028 1639 1109 1680 alia
1133 1639 1306 1693 indigna
1332 1647 1620 1692 quererentur,

260 1702 529 1743 manifestum
566 1710 706 1742 autem
744 1710 853 1743 essct.
888 1701 1087 1755 pecunias
1126 1709 1289 1755 captas,
1328 1700 1380 1740 L.
1415 1699 1620 1742 Canuleio

260 1765 453 1818 praetori,
474 1764 545 1817 qui
560 1764 810 1818 Hispaniam
831 1763 999 1804 sortitus
1020 1771 1121 1812 crat,
1142 1763 1360 1817 negotium
1380 1763 1524 1804 datum
1545 1771 1620 1811 cst,

260 1834 306 1867 ut
342 1827 384 1867 in
422 1826 629 1880 singulos,
667 1841 692 1866 a
728 1826 880 1879 quibus
917 1825 1101 1879 Hispani
1136 1825 1336 1879 pecunias
1372 1832 1621 1879 repeterent,

261 1888 410 1942 quinos
442 1894 754 1942 recuperatores
781 1903 832 1928 ex
858 1887 1002 1928 ordine
1028 1886 1236 1927 senatorio
1263 1886 1381 1927 daret
1406 1895 1623 1941 patronos-

217 1964 235 1992 4
261 1966 342 2004 que
367 1966 471 2005 quos
496 1951 651 1991 vellent
676 1950 865 1991 sumendi
890 1957 1141 2004 potestatem
1166 1949 1335 1991 faceret.
1396 1949 1554 1990 vocatis
1578 1949 1623 1990 in

261 2014 419 2055 curiam
449 2014 599 2068 legatis
624 2014 844 2055 recitatum
869 2021 931 2054 est
957 2020 1125 2054 senatus
1152 2014 1409 2062 consultum,
1435 2013 1622 2067 iussique

216 2089 234 2118 5
260 2076 475 2116 nominare
500 2083 712 2129 patronos.
750 2082 948 2128 quattuor
972 2075 1307 2122 nominaverunt,
1332 2074 1396 2115 M.
1422 2074 1623 2115 Porcium

262 2136 484 2183 Catonem,
501 2137 552 2177 P.
580 2135 826 2178 Cornelium
858 2136 937 2178 Cn.
964 2137 993 2177 f.
1021 2136 1285 2191 Scipionem,
1310 2136 1364 2177 L.
1390 2136 1622 2177 Aemilium

216 2212 234 2241 6
260 2199 313 2240 L.
334 2200 363 2240 f.
383 2199 580 2248 Paulum,
609 2198 659 2240 C.
682 2199 918 2254 Sulpicium
939 2198 1125 2240 Gallum.
1161 2199 1225 2239 M.
1248 2198 1404 2239 Titinio
1428 2199 1622 2253 primum,

261 2261 332 2313 qni
364 2269 531 2315 praetor
556 2261 612 2302 A.
637 2261 821 2310 Manlio,
852 2261 916 2301 M.
943 2261 1065 2301 Iunio
1092 2260 1334 2301 consulibus
1364 2260 1407 2300 in
1433 2260 1623 2302 citeriore

263 2322 469 2376 Hispania
493 2323 643 2372 fuerat,
669 2331 982 2378 recuperatores
1008 2330 1258 2363 sumserunt.
1297 2322 1360 2362 bis
1387 2322 1623 2376 ampliatus,

220 2399 236 2426 7
263 2384 383 2425 tertio
409 2384 625 2425 absolutus
652 2393 712 2426 est
739 2401 847 2426 reus.
893 2385 1094 2426 dissensio
1120 2385 1228 2425 inter
1253 2384 1429 2425 duarum
1455 2384 1624 2438 provin-

264 2445 422 2486 ciarum
457 2446 617 2499 legatos
651 2454 710 2486 est
742 2455 849 2488 orta:
888 2447 1087 2488 citerioris
1120 2446 1353 2501 Hispaniae
1388 2446 1533 2500 populi
1557 2446 1619 2486 M.

265 2507 471 2549 Catonem
503 2516 541 2548 et
569 2508 832 2562 Scipionem,
865 2510 1070 2550 ulterioris
1096 2509 1148 2549 L.
1175 2509 1359 2550 Paulum
1384 2515 1424 2549 et
1450 2507 1622 2549 Gallum

220 2584 239 2613 8
266 2570 502 2625 Sulpicium
526 2578 722 2624 patronos
749 2579 999 2612 sumserunt.
1050 2571 1104 2612 ad
1128 2571 1426 2625 reciperatores
1453 2569 1621 2610 adducti

267 2649 289 2674 a
315 2632 573 2673 citerioribus
605 2633 771 2687 populis
801 2632 851 2673 P.
879 2633 1032 2673 Furius
1064 2633 1233 2682 Philus,
1272 2633 1324 2673 ab
1357 2630 1620 2672 ulterioribus

216 1468 234 1495 Ν.
