1804 2926
473 160 625 193 LIBER
649 157 857 201 XXXXH,
885 157 1029 191 18—20.
1059 158 1106 199 [a.
1123 155 1162 190 c.
1179 155 1243 189 172
1247 159 1262 197 J
1491 147 1546 185 43

196 268 401 323 peditum,
437 270 604 304 centum
643 268 683 302 et
719 259 1025 314 quinquaginta
1062 259 1222 312 equites
1258 258 1301 299 in
1332 259 1545 300 Romanas

193 329 399 384 legione83
435 325 479 366 in
510 324 705 365 socialem
737 323 967 364 exercitum
998 322 1184 375 quinque
1215 322 1329 362 milia
1359 321 1546 376 peditum

194 399 235 433 et
258 396 464 431 trecentos
490 386 650 440 equites
675 385 880 439 imperare
907 384 1028 425 sociis
1052 383 1166 424 iussi.
1227 384 1306 424 hoc
1333 383 1545 438 copiarum

193 452 236 493 in
260 449 489 505 Hispanias
515 463 609 489 cum
634 447 895 502 praetoribus
920 447 1039 487 novis
1065 454 1277 501 portatum
1302 453 1376 487 est.

276 511 475 554 XVIIII.
512 510 677 551 Eodem
707 523 836 558 anno,
873 509 973 562 quia
1002 524 1076 563 per
1106 508 1435 563 recognitionem
1464 507 1549 547 Po-

192 575 318 617 stumi
349 573 529 615 consulis
560 587 715 626 magna
745 586 841 626 pars
874 572 964 626 agri
990 570 1217 626 Campani,
1251 584 1376 623 quem
1399 569 1549 624 privati

192 638 280 679 sine
306 635 543 677 discrimine
566 634 723 689 passim
753 634 1045 688 possederant,
1075 639 1322 687 recuperata
1345 632 1388 673 in
1411 631 1550 686 publi-

192 715 289 742 cum
313 705 419 748 erat,
450 698 514 738 M.
540 696 765 738 Lucretius
798 696 989 737 tribunus
1020 696 1155 750 plebis
1181 695 1478 749 promulgavit,
1503 702 1547 734 ut

193 777 342 817 agrum
369 759 635 815 Campanum
660 773 852 800 censores
877 758 1103 800 fruendum
1127 759 1325 807 locarent,
1350 758 1463 811 quod
1488 757 1550 797 fa-

194 833 309 866 ctum
344 831 406 865 tot
436 823 554 864 annis
584 830 677 877 post
711 830 878 876 captam
903 820 1097 877 Capuam
1122 836 1205 862 non
1239 822 1395 871 fuerat,
1431 830 1478 862 ut
1507 821 1549 861 in

192 901 326 928 vacuo
351 893 576 940 vagaretur
601 884 806 939 cupiditas
832 884 1102 939 privatorum.

1573 334 1589 361 7

1578 521 1589 547 1

1576 769 1594 797 Ιῦ

279 947 391 989 Cum
423 946 505 1002 [in]
543 947 831 1001 expectatione
869 955 1036 987 senatus
1074 953 1183 987 esset
1218 946 1327 987 bello
1358 944 1435 987 etsi
1465 959 1549 986 non
1576 956 1593 983 :3

194 1011 364 1059 indicto,
389 1017 529 1050 tamen
553 1009 636 1049 iam
662 1009 842 1057 decreto,
869 1009 941 1062 qui
969 1024 1117 1063 regum
1142 1024 1280 1057 suam,
1305 1008 1451 1049 Persei
1477 1007 1549 1061 qui

195 1072 376 1114 secuturi
396 1071 620 1113 amicitiam
634 1079 784 1120 essent,
804 1071 931 1125 legati
945 1070 1195 1120 Ariarathis,
1220 1086 1397 1126 puerum
1418 1070 1549 1110 filium

194 1135 304 1189 regis
330 1149 472 1175 secum
498 1134 767 1182 adducentes,
793 1134 974 1174 Romam
998 1141 1214 1174 venerunt.
1254 1147 1433 1186 quorum
1459 1147 1550 1173 ora-

194 1197 251 1237 tio
276 1197 368 1244 fuit,
393 1211 536 1250 regem
561 1196 822 1237 educendum
848 1196 979 1236 filium
994 1196 1175 1236 Romam
1200 1196 1376 1244 misisse,
1400 1195 1550 1236 utiam

193 1259 290 1300 inde
321 1274 346 1299 a
375 1273 505 1313 puero
536 1258 802 1299 adsuesceret
839 1259 1025 1298 moribus
1055 1258 1257 1299 Romanis
1292 1258 1551 1299 hominibus-

193 1335 293 1374 que:
318 1330 472 1374 petere‚
498 1327 544 1360 ut
569 1335 664 1360 eum
689 1334 774 1360 non
799 1320 877 1360 sub
903 1319 1115 1374 hospitum
1141 1320 1265 1360 modo
1290 1320 1549 1374 privatorum

194 1382 395 1430 custodia,
421 1381 493 1422 sed
519 1381 709 1436 publicae
731 1381 856 1422 etiam
879 1396 1002 1422 curae
1022 1396 1071 1422 ac
1095 1382 1204 1422 velut
1223 1383 1377 1422 tutelae
1397 1383 1551 1423 vellent.

193 1461 296 1486 esse.
357 1445 524 1500 egregie
550 1459 600 1485 ea
623 1445 777 1499 legatio
801 1452 922 1499 grata
948 1444 1111 1485 senatui
1135 1444 1233 1493 fuit3
1260 1445 1548 1493 decreverunt,

194 1516 240 1549 ut
261 1506 339 1548 Cn.
364 1506 545 1549 Sicinius
570 1516 737 1562 praetor
763 1507 877 1548 aedis
902 1507 1126 1548 instructas
1152 1507 1322 1557 locaret,
1348 1507 1421 1547 ubi
1442 1507 1550 1548 filius

193 1569 302 1624 regis
328 1569 583 1622 comitesque
605 1569 692 1610 eius
714 1569 902 1610 habitare
927 1577 1110 1624 possent.
1150 1576 1191 1610 et
1204 1569 1417 1610 Threcum
1436 1570 1550 1624 lega-

193 1631 245 1672 tis
269 1630 436 1672 Maedis
452 1633 472 1682 †
487 1631 759 1686 cepnatisque
784 1640 825 1673 ct
851 1632 949 1672 satis
975 1631 1215 1672 societatem
1240 1631 1550 1684 amicitiamque

195 1693 431 1748 petentibus
451 1700 489 1734 et
512 1694 624 1747 quod
644 1694 842 1748 petebant
857 1694 1002 1734 datum
1016 1701 1090 1743 est,
1118 1702 1158 1735 et
1176 1708 1350 1734 munera
1364 1691 1549 1748 [binsnn]

171 1756 354 1806 xmilium
374 1756 479 1797 aeris
501 1771 689 1797 summae
707 1757 750 1797 in
771 1757 957 1811 singulos
977 1756 1116 1797 missa.
1153 1756 1228 1796 hos
1248 1756 1392 1809 utiquc
1416 1770 1551 1810 popu—

192 1819 269 1867 los,
294 1818 407 1871 quod
432 1818 484 1858 ab
510 1826 627 1872 tergo
652 1818 930 1859 Macedoniae
956 1818 1135 1859 Threcia
1160 1826 1281 1867 esset,
1308 1818 1550 1872 adsumptos

194 1880 238 1920 in
270 1880 509 1920 societatem
539 1880 792 1934 gaudebant.
854 1881 927 1922 sed
955 1888 1001 1921 ut
1025 1881 1068 1921 in
1093 1881 1200 1921 Asia
1225 1895 1392 1934 quoque
1418 1889 1458 1921 et
1488 1880 1550 1919 in-

195 1943 295 1983 sulis
322 1942 537 1996 explorata
561 1943 700 1983 onmia
725 1951 875 1993 essent,
902 1944 967 1984 Ti.
989 1943 1217 1985 Claudium
1236 1944 1460 1990 Neronem,
1485 1943 1548 1982 M.

195 2004 435 2045 Decimium
456 2005 616 2057 legatos
635 2004 849 2046 miserunt.
888 2006 1001 2046 adire
1024 2020 1094 2046 eos
1111 2005 1282 2046 Cretam
1298 2013 1337 2046 et
1352 2005 1550 2045 Rhodum

195 2067 418 2115 iusserunt,
440 2066 562 2106 simul
582 2081 782 2108 renovare
802 2068 1040 2116 amicitiam,
1062 2068 1183 2107 simul
1205 2067 1424 2122 speculari,
1448 2082 1549 2106 num

197 2129 404 2170 sollicitati
429 2129 555 2169 animi
582 2129 789 2170 sociorum
814 2130 866 2170 ab
893 2145 991 2184 rege
1015 2130 1173 2170 Perseo
1200 2137 1350 2170 essent.

280 2191 389 2231 XX.
426 2192 479 2231 In
522 2206 726 2246 suspensa
770 2192 937 2232 civitate
982 2192 1036 2232 ad
1079 2191 1413 2245 expectationem
1453 2190 1549 2230 novi

199 2253 313 2301 belli,
346 2261 550 2293 nocturna
580 2261 826 2307 tempestate
853 2254 1046 2294 columna
1071 2261 1248 2293 rostrata
1272 2253 1314 2292 in
1341 2251 1549 2306 Capitolio

198 2315 305 2356 bello
319 2315 483 2356 Punico
499 2313 656 2369 [priore
681 2316 817 2370 posita
842 2330 968 2370 opera
982 2316 1044 2356 M.
1060 2314 1236 2369 Aemili]
1263 2315 1458 2363 consulis,
1483 2315 1550 2355 cui

198 2377 359 2431 collega
385 2376 474 2418 Ser.
500 2377 676 2418 Fulvius
702 2378 794 2427 fuit,
821 2386 908 2419 tota
932 2379 985 2419 ad
1009 2378 1140 2418 imum
1163 2377 1338 2418 fulmine
1364 2377 1551 2417 discussa

197 2447 271 2480 est.
332 2454 380 2479 ca
410 2454 475 2479 res
512 2439 677 2493 prodigi
706 2440 797 2480 loco
828 2439 972 2481 habita
1002 2440 1054 2480 ad
1086 2446 1276 2480 senatum
1306 2440 1437 2480 relata
1468 2446 1550 2487 est3

196 2508 336 2555 patres
373 2508 413 2541 et
451 2499 546 2555 [ad]
589 2501 830 2555 haruspices
866 2502 1020 2543 referre
1058 2508 1098 2543 et
1141 2501 1399 2542 decemviros
1437 2501 1550 2541 adire

195 2562 322 2603 libros
348 2563 570 2604 iusserunt.
609 2563 835 2604 decemviri
858 2564 1121 2605 lustrandum
1147 2564 1368 2618 oppidum,
1394 2562 1551 2617 suppli-

196 2625 400 2666 cationem
420 2625 833 2679 obsecrationemque
856 2626 1105 2674 habendam,
1126 2625 1304 2666 victimis
1323 2624 1550 2666 maioribus

1578 1769 1593 1796 Nl

1577 2452 1595 2479 N>
