1804 2926
211 296 228 323 [ὗ

255 169 310 210 ‘AO
540 179 693 212 Lissssn
718 179 946 222 xxxxm,
972 180 1003 212 4.
1025 180 1055 213 5.
1086 181 1132 221 sa.
1149 190 1181 212 u.
1198 181 1324 223 men

255 282 323 336 plo
356 282 560 322 exercitus
592 281 718 330 foret,
753 282 845 336 capi
877 291 1012 323 castra
1045 283 1268 336 potuerint.
1330 291 1416 323 tum
1442 298 1609 338 quoque

254 345 356 397 fuga
380 343 527 397 ingens
560 343 671 383 facta
696 352 777 392 est3
811 352 851 384 et
877 353 992 385 erant
1025 344 1095 396 qui
1123 345 1283 398 legatos
1310 344 1532 386 mittendos
1558 347 1611 386 ad

255 420 400 459 pacem
436 404 630 458 precibus
667 405 891 458 petendam
929 415 1165 453 censerent,
1206 406 1479 460 civitatesque
1513 422 1611 448 con-

210 481 227 507 3
255 467 393 521 plures
419 481 467 507 eo
500 466 644 505 nuntio
678 466 820 507 audito
844 467 885 507 in
912 468 1166 508 deditionem
1192 477 1408 509 venerunt.
1457 469 1610 522 quibus

210 1350 223 1376 ῖ

207 1477 224 1501 ὅ

189 1905 227 1933 1⁴)

187 2028 222 2055 11

214 2652 222 2678 1

253 529 529 583 purgantibus
567 542 657 568 sese
690 528 940 582 culpamque
972 530 1014 570 in
1047 530 1224 570 duorum
1258 531 1482 571 amentiam
1513 545 1612 571 con-

254 590 502 638 ferentibus,
529 590 600 642 qui
626 605 668 630 se
695 590 803 630 ultro
829 591 882 630 ad
907 605 1084 645 poenam
1110 592 1188 646 ipsi
1214 592 1482 646 optulissent,
1516 607 1611 633 cuin

255 652 419 693 veniam
439 652 621 693 dedisset
646 659 825 706 praetor,
851 653 1063 706 profectus
1084 655 1292 708 extemplo
1314 655 1367 695 ad
1387 655 1488 695 alias
1511 655 1612 696 civi-

254 721 372 763 tates,
399 714 592 754 omnibus
613 713 819 768 imperata
842 714 1092 756 facientibus
1113 717 1254 769 quieto
1275 717 1460 757 exercitu
1486 731 1611 771 paca-

253 784 342 816 tum
385 791 553 830 agrum,
604 776 676 829 qui
718 777 843 830 paulo
880 785 975 819 ante
1018 778 1179 832 ingenti
1221 780 1404 819 tumultu
1441 787 1611 828 arserat,

252 838 504 892 peragravit.
577 838 681 879 haec
716 839 864 880 lenitas
901 841 1123 894 praetoris,
1161 855 1244 892 qua
1281 841 1368 882 sine
1406 840 1611 895 sanguine

253 900 553 940 ferocissimam
573 908 743 955 gentem
765 901 996 951 domuerat,
1022 916 1070 943 eo
1093 902 1250 956 gratior
1267 903 1380 956 plebi
1400 903 1612 957 patribus-

252 976 333 1015 que
358 962 450 1011 fuit,
477 977 560 1016 quo
586 962 794 1004 crudelius
816 965 1065 1017 avariusque
1085 964 1128 1004 in
1144 963 1325 1005 Graecia
1350 965 1551 1006 bellatum
1571 973 1612 1006 et

253 1024 306 1064 ab
332 1025 502 1065 consule
528 1024 698 1065 Licinio
727 1034 767 1066 et
792 1025 844 1066 ab
871 1026 1071 1067 Lucretio
1096 1034 1286 1080 praetore
1313 1034 1412 1067 erat.
1450 1026 1612 1068 Lucre-

252 1086 355 1126 tium
385 1087 541 1127 tribuni
572 1088 706 1141 plebis
739 1088 956 1129 absentem
987 1089 1252 1129 contionibus
1285 1088 1471 1130 adsiduis
1501 1089 1612 1131 lace-

251 1148 420 1198 rabant,
458 1164 553 1190 cum
578 1150 637 1191 rei
667 1150 861 1205 publicae
887 1165 1014 1191 causa
1038 1151 1185 1192 abesse
1211 1159 1500 1200 excusaretur3
1537 1152 1611 1193 sed

252 1219 341 1250 tum
372 1211 478 1252 adeo
510 1212 648 1252 vicina
681 1213 807 1253 etiam
838 1213 1098 1267 inexplorata
1123 1222 1258 1261 erant,
1295 1222 1341 1254 ut
1372 1214 1407 1254 is
1433 1228 1481 1254 eo
1507 1222 1612 1255 tem-

251 1287 352 1326 pore
387 1273 430 1313 in
462 1289 563 1328 agro
596 1289 672 1314 suo
703 1275 868 1315 Antiati
899 1284 1007 1316 esset
1044 1290 1282 1329 aquamque
1313 1291 1364 1317 ex
1401 1276 1611 1317 manubiis

252 1335 430 1375 Antium
455 1351 506 1376 ex
540 1336 711 1378 flumine
738 1336 973 1378 Loracinae
1000 1338 1182 1379 duceret.
1243 1338 1286 1378 id
1311 1353 1417 1393 opus
1444 1348 1612 1380 centum

252 1397 421 1451 triginta
439 1399 607 1439 milibus
630 1400 736 1440 aeris
754 1400 915 1441 locasse
935 1401 1105 1449 dicitur3
1132 1400 1285 1441 tabulis
1308 1415 1475 1455 quoque
1490 1401 1611 1455 pictis

252 1473 303 1498 ex
327 1459 483 1512 praeda
509 1460 656 1500 fanum
680 1461 910 1515 Aesculapi
937 1462 1167 1502 exornavit.
1216 1463 1417 1503 invidiam
1441 1463 1609 1504 infami-

252 1534 403 1573 amque
423 1521 476 1561 ab
490 1521 689 1562 Lucretio
711 1530 948 1563 averterunt
971 1523 1014 1563 in
1028 1524 1304 1564 Hortensium
1327 1539 1610 1566 successorem

252 1582 339 1622 eius
365 1583 596 1624 Abderitae
627 1584 775 1638 legati,
807 1585 952 1625 flentcs
985 1597 1080 1626 ante
1107 1585 1263 1626 curiam
1289 1595 1610 1639 querentesque,

253 1644 454 1698 oppidum
490 1661 613 1686 suum
652 1646 705 1686 ab
731 1647 959 1688 Hortensio
997 1655 1284 1702 expugnatum
1316 1663 1364 1689 ac
1401 1648 1609 1703 direptum

253 1720 360 1747 csse:
387 1721 556 1748 eausam
582 1708 733 1749 excidii
757 1709 886 1750 fuisse
911 1709 1019 1757 urbi,
1045 1710 1158 1762 quod
1183 1724 1279 1750 cum
1304 1718 1473 1751 centum
1496 1711 1611 1751 milia

252 1768 468 1809 denarisnn
490 1778 529 1810 et
555 1770 680 1811 tritici
700 1771 1008 1826 quinquaginta
1028 1772 1143 1813 milia
1160 1773 1347 1814 modium
1373 1774 1610 1828 imperaret,

252 1831 431 1884 spatium
453 1832 659 1886 petierint,
688 1848 770 1886 quo
797 1834 848 1874 de
874 1849 923 1875 ea
947 1849 991 1875 re
1012 1843 1051 1875 et
1077 1835 1131 1875 ad
1144 1835 1374 1875 Hostilium
1396 1836 1610 1876 consulem

253 1902 291 1933 et
318 1893 496 1934 Romam
533 1895 743 1936 mitterent
780 1896 953 1951 legatos.
1015 1897 1188 1937 vixdum
1226 1897 1280 1937 ad
1316 1898 1530 1938 consulem
1567 1912 1610 1938 se

251 1955 510 2008 pervenisse,
550 1964 589 1997 et
623 1957 789 1998 audisse
821 1958 1024 2013 oppidum
1053 1966 1363 2013 expugnatum,
1400 1958 1610 2013 principes

251 2016 386 2056 securi
411 2032 644 2071 percussos,
671 2019 748 2059 sub
775 2034 928 2060 corona
954 2028 1111 2061 ceteros
1137 2020 1313 2061 venisse.
1361 2020 1535 2075 indigna
1560 2035 1610 2061 ea.

252 2079 415 2118 senatui
430 2079 532 2128 visa,
547 2080 906 2135 decreveruntque
921 2083 1069 2123 eadem
1087 2082 1138 2124 de
1152 2082 1383 2131 Abderitis,
1398 2097 1506 2136 quae
1515 2081 1609 2138 [de]

252 2138 481 2182 Coronaeis
513 2143 785 2184 decreverant
817 2145 954 2198 priore
987 2159 1116 2193 anno,
1154 2144 1384 2198 eademque
1408 2159 1484 2199 pro
1510 2159 1609 2186 eon-

209 2220 215 2225 ·
253 2202 363 2243 tione
390 2204 553 2245 edicere
580 2204 634 2257 Q.
650 2205 871 2247 Maenium
896 2214 1130 2261 praetorem
1156 2207 1380 2247 iusserunt.
1417 2214 1458 2248 et
1481 2206 1611 2261 legati

253 2264 354 2313 duo,
382 2264 432 2306 C.
460 2266 734 2322 Sempronius
760 2268 957 2317 Blaesus,
986 2269 1084 2310 Sex.
1110 2269 1244 2310 Iulius
1271 2267 1443 2318 Caesar,
1469 2269 1523 2309 ad
1547 2284 1612 2310 re-

211 2338 228 2366 t}
256 2327 486 2369 stituendos
511 2329 554 2369 in
578 2330 813 2372 libertatem
837 2331 1066 2372 Abderitas
1093 2331 1220 2371 missi.
1279 2331 1413 2372 isdem
1437 2331 1612 2371 manda-

254 2397 354 2437 tum,
378 2397 475 2431 utet
490 2392 672 2433 Hostilio
687 2394 846 2434 consuli
861 2401 901 2435 et
914 2393 1142 2435 Hortensio
1156 2394 1338 2448 praetori
1357 2393 1610 2441 nuntiarent,

254 2460 445 2492 senatum
470 2454 686 2494 Abderitis
712 2455 913 2496 iniustum
944 2456 1101 2496 bellum
1131 2455 1307 2496 inlatum
1338 2455 1610 2510 conquirique

254 2526 397 2553 omnes
419 2514 489 2566 qui
510 2515 550 2554 in
572 2516 770 2557 servitute
794 2517 875 2558 sint
899 2525 936 2559 et
956 2518 1118 2558 restitui
1138 2517 1181 2558 in
1207 2518 1442 2559 libertatem
1461 2532 1607 2558 aecum

255 2589 436 2616 censere.

341 2637 394 2678 V.
432 2636 595 2678 Eodem
621 2647 806 2693 tempore
833 2641 883 2682 de
912 2640 960 2682 C.
991 2640 1159 2690 Cassio,
1192 2641 1263 2694 qui
1296 2640 1437 2682 consu]
1470 2639 1607 2694 priore
