1804 2926
309 186 392 228 208
467 192 758 228 PERIOCHAE
783 192 1049 229 LIBRORUM
1073 191 1501 229 LXVIIII—LXXIIL

309 286 428 321 fectus
453 287 520 319 cst.
558 284 602 326 Q.
622 285 805 320 Caecilius
825 285 997 320 Metellus
1023 285 1070 320 ab
1089 284 1196 320 exilio
1216 283 1357 329 ingenti
1376 283 1487 318 totius
1505 283 1664 319 civitatis

309 331 435 365 favore
448 330 620 364 reductus
634 335 700 365 est.
726 330 785 365 Μ’.
799 330 970 376 Aquilius
983 330 1178 376 proconsul
1191 330 1229 365 in
1243 329 1371 365 Sicilia
1384 329 1520 365 bellum
1535 329 1664 366 servile

309 376 508 411 cxcitatum
521 376 692 411 confecit..

865 423 915 449 ΕΧ
934 423 1008 449 L113.
1029 424 1113 449 Lxx.

377 467 469 502 Cum
489 467 548 501 Μ’.
568 466 738 511 Aquilius
764 467 809 501 de
827 469 992 512 pecuniis
1010 468 1222 513 repetundis
1243 478 1392 501 causam
1412 467 1566 510 diceret,
1585 465 1664 511 ipse

309 513 449 548 iudices
461 523 592 558 rogare
606 512 735 546 noluit.
760 511 810 545 M.
824 514 1017 557 Antonius,
1032 513 1093 558 qui
1107 524 1172 558 pro
1187 523 1230 547 eo
1243 512 1452 557 perorabat,
1467 511 1628 546 tunicam
1643 523 1665 546 a

309 562 457 603 pectore
471 559 548 593 eius
562 557 719 601 discidit,
727 561 769 592 ut
780 558 954 593 honestas
967 558 1157 593 cicatrices
1171 558 1392 599 ostenderet,
1408 562 1442 592 et
1458 556 1665 592 indubitate

311 603 499 638 absolutus
525 607 590 638 est.
628 603 757 638 Cicero
781 603 858 638 eius
883 603 937 638 rei
962 603 1060 638 solus
1080 608 1216 638 auctor.
1254 603 1297 636 T.
1318 603 1451 636 Didius
1469 602 1666 647 proconsul

310 649 483 683 adversus
497 648 702 684 Celtiberos
715 648 873 683 feliciter
885 649 1075 694 pugnavit.
1100 649 1335 683 Ptolemaeus
1349 648 1576 693 Cyrenarum
1589 659 1664 691 rex,

309 694 367 729 eui
386 698 669 739 cognomentum
681 693 836 738 Apionis
855 693 942 737 fuit,
964 699 1126 728 mortuus
1146 694 1319 728 heredem
1338 693 1513 738 populum
1531 692 1664 727 Roma-

308 751 395 774 num
424 740 588 784 reliquit,
621 743 658 774 et
683 739 761 773 eius
785 751 823 774 re
853 739 890 773 ni
916 739 1082 774 civitates
1107 742 1258 774 senatus
1283 739 1420 773 liberas
1445 750 1524 773 esse
1550 737 1665 772 iussit.

308 785 578 819 Ariobarzanes
598 785 636 818 in
654 796 809 829 regnum
843 784 1081 829 *appadociae
1097 796 1120 819 a
1131 784 1175 818 L.
1190 784 1360 819 Cornelio
1376 783 1480 830 Syll-a
1493 783 1666 818 reductus

309 835 374 865 est.
411 831 631 864 Parthorum
649 829 764 874 legati
779 841 801 863 a
813 841 900 875 rege
914 830 1054 864 Arsace
1074 829 1173 863 missi
1192 829 1432 864 veneruntad
1448 828 1605 874 Syllam,
1625 832 1667 862 ut

309 875 507 909 amicitiam
527 875 653 919 populi
672 875 827 908 Romani
846 878 1026 918 peterent.
1061 874 1105 908 P.
1119 874 1296 917 Rutilius,
1316 874 1371 907 vir
1389 883 1550 908 summae
1563 873 1664 907 inno-

309 921 468 963 centiae,
490 920 663 964 quoniam
680 920 827 964 legatus
848 919 891 960 Q.
912 919 1011 953 Muci
1030 919 1257 964 proconsulis
1277 930 1299 952 a
1317 918 1595 963 publicanorum
1612 919 1665 952 in-

309 965 408 998 iuriis
421 966 547 999 Asiam
563 964 790 1006 defenderat,
806 964 943 998 invisus
958 963 1116 1008 equestri
1132 964 1261 1006 ordini,
1282 974 1395 1008 penes
1410 974 1518 1007 quem
1530 963 1667 999 iudicia.

309 1014 429 1053 erant,
455 1009 741 1054 repetundarum
767 1009 961 1043 damnatus
980 1010 1017 1042 in
1037 1009 1183 1043 exilium
1202 1009 1332 1042 missus
1352 1012 1418 1042 est.
1456 1007 1496 1043 C.
1519 1007 1666 1043 Sentius

308 1060 457 1099 praetor
475 1056 649 1089 adversus
668 1054 833 1088 Thracas
854 1054 1049 1088 infeliciter
1067 1054 1257 1099 pugnavit.
1294 1057 1444 1089 senatus
1463 1064 1545 1087 cum
1563 1054 1665 1106 inpo-

308 1101 463 1135 tentiam
483 1099 661 1144 equestris
676 1099 810 1133 ordinis
826 1099 862 1133 in
877 1098 1021 1133 iudiciis
1036 1099 1246 1134 exercendis
1259 1099 1355 1134 ferre
1368 1099 1500 1142 nollet,
1521 1110 1619 1134 omnl
1632 1099 1668 1132 vi

309 1146 397 1180 eniti
417 1147 556 1190 eoepit,
577 1149 617 1179 ut
637 1144 685 1179 ad
704 1156 743 1179 se
757 1144 894 1178 iudicia
907 1144 1133 1188 transferret,
1149 1144 1350 1179 sustinente
1363 1155 1512 1178 causam
1526 1145 1603 1180 eius
1616 1145 1666 1179 M.

308 1191 413 1225 Livio
427 1191 548 1224 Druso
562 1190 709 1224 tribuno
722 1190 860 1235 plebis,
881 1189 955 1234 qui,
975 1193 1016 1224 ut
1029 1190 1123 1225 vires
1139 1189 1207 1223 sibi
1222 1190 1442 1234 adquireret,
1461 1190 1669 1234 perniciosa

309 1248 372 1281 spe
386 1236 622 1281 largitionum
634 1235 781 1281 plebem
795 1234 1003 1270 concitavit.
1040 1239 1235 1281 praeterea
1247 1239 1366 1270 motus
1380 1234 1509 1281 Syriae
1522 1246 1667 1282 regum-

310 1294 379 1327 que
395 1282 568 1317 continet.

857 1328 908 1354 EX
927 1329 1000 1354 ΜΒ.
1020 1328 1122 1354 LXXI.

377 1372 426 1406 M.
439 1372 565 1406 Livius
578 1372 720 1407 Drusus
733 1372 901 1406 tribunus
914 1371 1051 1416 plebis,
1067 1383 1138 1417 quo
1153 1372 1350 1407 maioribus
1368 1372 1505 1407 viribus
1519 1375 1668 1408 senatus

310 1429 459 1452 causam
479 1421 689 1462 susceptam
709 1422 889 1461 tueretur,
911 1417 1028 1452 socios
1049 1422 1086 1452 et
1097 1417 1249 1452 Italicos
1261 1418 1418 1462 populos
1432 1430 1496 1463 spe
1509 1417 1667 1452 civitatis

310 1463 499 1497 Romanae
520 1463 747 1506 sollicitavit,
770 1463 895 1506 eisque
916 1463 1176 1497 adiuvantibus
1188 1475 1256 1508 per
1268 1463 1339 1496 vim
1352 1463 1499 1509 legibus
1513 1463 1667 1508 agrariis

310 1508 631 1552 frumentariisque
650 1508 735 1541 latis
753 1508 983 1542 iudiciariam
1003 1518 1148 1552 quoque
1172 1508 1340 1553 pertulit,
1361 1513 1402 1542 ut
1426 1519 1545 1552 aequa
1562 1512 1667 1553 parte

310 1553 446 1587 iudicia
469 1564 583 1597 penes
609 1557 777 1587 senatum
795 1556 832 1587 et
851 1556 1058 1597 equestrem
1078 1553 1241 1588 ordinem
1262 1557 1394 1587 essent.
1432 1564 1515 1587 cum
1534 1553 1667 1588 deinde

309 1598 490 1642 promissa
503 1597 609 1632 sociis
622 1597 749 1632 civitas
762 1597 942 1641 praestari
955 1608 1029 1632 non
1041 1602 1177 1642 posset,
1192 1598 1276 1633 irati
1289 1598 1411 1632 Italici
1424 1598 1669 1633 defectionem

310 1643 453 1689 agitare
475 1647 684 1687 coeperunt.
722 1654 847 1677 eorum
866 1643 983 1677 coitus
1003 1643 1346 1688 coniurationesque
1366 1647 1403 1677 et
1422 1644 1605 1679 orationes
1629 1645 1668 1678 in

310 1688 471 1722 consiliis
490 1688 696 1733 principum
709 1687 928 1722 referuntur.
965 1691 1115 1732 propter
1128 1699 1222 1732 quae
1236 1688 1362 1722 Livius
1375 1688 1518 1723 Drusus
1531 1689 1668 1724 invisus

311 1734 423 1768 etiam
436 1733 580 1768 senatui
593 1733 714 1768 factus
726 1733 828 1768 velut
840 1733 987 1768 socialis
1000 1732 1089 1768 belli
1102 1738 1239 1778 auctor,
1248 1734 1428 1769 incertum
1441 1746 1463 1770 a
1477 1745 1560 1780 quo,
1570 1735 1668 1770 domi

311 1779 452 1813 occisus
467 1782 533 1814 est.

851 1826 903 1851 Ex
922 1825 997 1851 ΜΒ.
1016 1826 1130 1851 LXXII.

378 1869 501 1904 Italici
524 1868 652 1913 populi
677 1868 892 1903 defecerunt
915 1869 1104 1911 Picentes,
1130 1869 1291 1912 Vestini,
1325 1869 1456 1914 Marsi,
1481 1869 1667 1916 Paeligni,

311 1914 521 1957 Marrucini,
539 1914 732 1957 Samnites,
742 1912 896 1948 Lucani.
922 1913 1026 1949 initio
1039 1914 1129 1949 belli
1143 1926 1166 1949 a
1178 1914 1394 1949 Picentibus
1407 1919 1518 1958 moto,
1533 1915 1667 1956 Q.Ser-

310 1960 418 1993 vilius
442 1959 639 2004 proconsul
663 1960 700 1993 in
720 1959 854 2004 oppido
874 1959 1012 1993 Asculo
1032 1970 1114 1994 cum
1133 1960 1300 1994 omm'bus
1321 1960 1462 1994 civibus
1479 1960 1666 2005 Romanis,

311 2005 424 2048 quiin
438 2015 480 2039 eo
495 2005 629 2048 oppido
644 2008 760 2048 erant,
781 2004 922 2038 occisus
936 2008 1002 2039 est.
1040 2015 1133 2050 saga
1147 2005 1307 2049 populus
1318 2005 1485 2051 sumpsit.
1522 2005 1668 2041 Servius

312 2050 437 2085 Galba
461 2061 484 2083 a
507 2049 669 2083 Lucanis
695 2050 994 2094 comprehensus,
1020 2050 1127 2084 unius
1150 2050 1311 2085 feminae
1336 2062 1465 2095 opera,
1493 2051 1540 2085 ad
1559 2063 1669 2097 quam

312 2095 584 2137 devertebatur,
602 2097 654 2138 [e]
671 2094 888 2139 captivitate
907 2098 1076 2139 receptus
1097 2098 1163 2130 est.
1199 2095 1381 2130 Aesernia
1399 2099 1436 2131 et
1452 2096 1553 2131 Alba
1571 2096 1668 2131 colo-

310 2140 394 2175 niae
409 2140 456 2174 ab
468 2139 608 2174 Italicis
623 2140 794 2175 obsessae
808 2144 902 2174 sunt.
929 2140 1065 2175 auxilia
1079 2140 1212 2175 deinde
1225 2140 1352 2175 Latini
1364 2141 1520 2175 nominis
1529 2145 1668 2176 extera-

310 2197 462 2230 rumque
484 2184 648 2231 gentium
666 2185 777 2219 missa
789 2185 925 2230 populo
938 2185 1104 2220 Romano
1119 2190 1156 2221 et
1168 2185 1418 2231 expeditiones
1429 2185 1468 2221 in
1480 2186 1597 2222 vicem
1609 2198 1668 2223 ex-

311 2231 632 2277 pugnationesque
645 2230 791 2265 urbium
802 2230 1022 2265 referuntur.

844 2284 896 2308 EX
914 2284 986 2309 ΜΒ.
1006 2284 1136 2309 Lxxm.

380 2322 423 2356 L.
437 2321 552 2357 Iulius
565 2321 703 2357 Caesar
716 2322 843 2356 consul
856 2322 952 2356 male
967 2322 1141 2357 adversus
1156 2321 1338 2357 Samnites
1351 2322 1541 2368 pugnavit.
1571 2323 1670 2359 Nola

312 2367 456 2402 colonia
473 2367 511 2401 in
528 2371 750 2412 potestatem
771 2366 989 2402 Samnitium
1007 2368 1108 2402 venit
1125 2367 1169 2401 L.
1190 2367 1377 2402 Postumio
1397 2373 1584 2412 praetore,
1607 2368 1669 2414 qui

313 2413 360 2446 ab
375 2413 427 2447 eis
440 2412 654 2447 interfectus
669 2417 734 2447 est.
765 2413 972 2457 complures
985 2413 1112 2458 populi
1127 2413 1175 2447 ad
1187 2413 1311 2448 hostes
1326 2412 1549 2448 defecerunt.
1587 2424 1668 2449 cum

314 2458 354 2491 P.
368 2458 528 2491 Rutilius
548 2458 674 2491 consul
692 2469 823 2501 parum
835 2469 1010 2502 prospere
1025 2458 1198 2492 adversus
1212 2457 1354 2492 Marsos
1366 2462 1570 2504 pugnasset
1583 2462 1619 2494 et
1631 2459 1670 2493 in

312 2503 451 2546 proelio
467 2503 670 2546 cecidisset,
692 2502 732 2536 C.
748 2503 886 2536 Marius
900 2503 1047 2549 legatus
1061 2503 1138 2538 eius
1152 2503 1302 2538 meliore
1316 2508 1449 2538 eventu
1461 2515 1543 2538 cum
1555 2504 1668 2538 hosti—

313 2548 380 2580 bus
396 2548 473 2582 acie
488 2548 659 2582 conflixit.
686 2547 762 2582 Ser.
779 2547 963 2591 Sulpicius
974 2548 1174 2599 Paelignos
1186 2548 1326 2593 proelio
1339 2548 1446 2582 fudit.
1472 2548 1515 2589 Q.
1530 2548 1668 2593 Caepio

314 2592 459 2637 legatus
472 2594 587 2628 Rutili
607 2605 689 2627 cum
708 2592 878 2627 obsessus
897 2604 1071 2637 prospere
1090 2605 1128 2627 ln
1146 2594 1269 2628 hostes
1283 2594 1463 2638 erupisset
1477 2598 1513 2628 et
1525 2593 1571 2627 ob
1585 2604 1668 2628 eum

315 2648 521 2672 successum
541 2642 738 2683 aequatum
757 2637 791 2671 ei
810 2648 890 2671 cum
912 2638 951 2672 C.
973 2638 1091 2672 Mario
1112 2642 1208 2673 esset
1226 2639 1434 2683 imperium,
1453 2638 1668 2674 temerarius

314 2681 434 2715 factus
465 2688 502 2718 et
531 2684 798 2718 circumventus
828 2682 968 2716 insidiis
999 2683 1080 2717 fuso
1106 2683 1267 2718 exercitu
1290 2684 1433 2718 cecidit.
1482 2683 1527 2717 L.
1552 2682 1668 2718 Iulius
