1804 2926
209 396 246 425 10

209 645 241 673 11

208 1014 245 1041 123

210 1202 246 1229 1⁷1

210 1450 246 1477 15

210 1635 247 1664 16

212 1947 246 1974 1ῖ

214 2134 250 2161 Ιὸ

214 2256 248 2283 1⁴.)

211 2381 252 2409 20

213 2504 249 2532 21

276 146 356 187 140
562 155 712 189 LIBER
738 155 984 199 xxxxnu,
1012 156 1064 189 35).
1093 158 1192 198 [aaa.
1210 156 1336 200 0586]

274 258 366 297 bilis
385 258 475 312 ripa
496 258 726 307 videbatur,
748 266 785 299 et
808 267 1098 313 praeterquam
1113 259 1224 312 quod
1245 268 1449 302 tormenta
1471 262 1625 316 ubique

273 320 471 374 disposita
496 328 652 369 essent,
685 321 911 361 missilibus
944 322 1068 362 etiam
1095 322 1242 362 melius
1270 329 1307 363 ct
1341 323 1514 365 certiore
1539 324 1625 365 ictu

273 381 400 421 hostis
422 382 481 422 uti
504 382 703 423 audierat.
742 383 822 423 alio
844 384 1057 437 spectabat
1085 400 1201 424 mens
1221 392 1307 425 tota
1328 385 1458 434 ducis,
1485 386 1626 426 dimis-

272 459 400 497 soque
432 444 601 484 consilio
633 444 866 485 l'erraclms
899 454 1148 486 mercatores
1183 445 1375 486 Coenum
1406 455 1445 487 et
1475 447 1627 488 1110110-

272 506 452 560 philum,
489 514 611 547 notae
643 515 683 547 01.
714 507 809 547 fidei
841 507 924 547 iam
957 508 1035 547 sibi
1067 517 1104 548 ct
1143 509 1390 562 prudentiae
1424 508 1626 557 homines,

272 569 492 609 accersitos
532 579 690 610 secreto
728 577 1043 624 percunctatur,
1082 572 1227 623 quales
1265 571 1318 610 1111
1355 571 1626 611 Pcrraebiam

272 631 469 671 transitus
495 631 588 671 sint.
626 647 719 672 eum
746 632 837 672 loca
861 647 944 671 11011
971 632 1113 685 iniqua
1133 648 1222 673 esse
1249 632 1446 681 dicerent,
1472 634 1627 687 praesi-

272 693 349 732 diis
376 700 515 733 autem
548 697 657 748 regis
684 694 884 742 obsideri,
911 710 1028 748 spem
1055 695 1181 749 cepit,
1209 695 1241 734 si
1268 706 1388 736 nocte
1414 696 1625 749 inproviso

273 755 412 796 valida
437 771 564 796 manu
591 756 814 810 adgressus
834 757 1120 810 necopinantis
1141 766 1261 805 esset,
1288 757 1393 797 deici
1420 757 1627 811 praesidia

273 832 413 871 posse:
445 819 582 859 iacula
607 819 717 859 enim
743 827 783 859 01
813 819 987 872 sagittas
1013 827 1054 859 et
1085 826 1221 859 cetera
1248 820 1420 859 missilia
1444 820 1487 860 in
1512 828 1627 860 tenc-

275 880 375 928 bris,
407 880 479 919 ubi
511 880 613 933 quid
637 888 803 934 petatur
833 881 978 934 procul
1003 881 1212 934 provideri
1240 888 1439 933 nequeat,
1464 881 1627 921 inutilia

272 956 382 989 essc3
413 941 553 994 gladio
586 942 816 981 comminus
848 942 936 995 geri
962 957 1050 982 rem
1076 942 1117 981 in
1146 942 1351 996 permixta
1376 942 1518 991 turba,
1544 957 1626 995 quo

273 1002 387 1042 miles
414 1003 630 1043 Romanus
661 1003 811 1043 vineat.
879 1003 941 1043 his
973 1003 1150 1043 ducibus
1185 1018 1356 1051 usurus,
1394 1011 1627 1057 praetorem

273 1063 499 1105 Octavium
532 1065 779 1105 accersitum
805 1065 1012 1119 exposito,
1040 1065 1140 1118 quid
1166 1072 1349 1118 pararet,
1383 1066 1626 1107 Heraclium

273 1141 367 1166 cum
388 1127 518 1167 classe
539 1134 679 1180 petere
704 1127 818 1167 iubet
841 1135 877 1167 et
901 1127 1012 1167 mille
1038 1126 1276 1167 hominibus
1300 1127 1443 1167 decem
1465 1128 1626 1168 dierum

273 1196 390 1229 cocta
415 1189 570 1229 cibaria
596 1188 761 1229 habere.
798 1189 885 1243 ipse
912 1189 961 1229 1'.
979 1188 1219 1243 Scipionem
1234 1189 1446 1237 Nasicam,
1473 1190 1626 1242 Q.Fa-

275 1250 386 1290 bium
412 1251 650 1291 RIaximum
676 1252 807 1291 filium
839 1267 960 1291 suum
987 1266 1081 1291 cum
1108 1252 1292 1304 quinque
1325 1251 1494 1292 delectis
1519 1252 1627 1293 mili-

273 1321 361 1352 tum
388 1311 593 1367 [milibus]
622 1314 877 1354 Heracleum
902 1314 1046 1361 mittit,
1079 1314 1194 1354 velut
1225 1314 1401 1354 classem
1427 1329 1627 1355 conscen-

273 1388 390 1414 suros
424 1374 475 1414 ad
508 1375 773 1415 maritumam
807 1391 922 1416 oram
954 1376 1159 1416 interioris
1187 1375 1482 1422 Macedoniae,
1514 1376 1628 1429 quod

272 1435 314 1475 in
340 1436 510 1476 consilio
537 1437 740 1490 agitatum
767 1446 866 1485 01111,
893 1438 1152 1478 vastandam.
1213 1446 1372 1478 secreto
1397 1438 1627 1480 indicatum

273 1497 428 1537 cibaria
453 1497 516 1537 his
541 1506 790 1552 praeparata
815 1499 868 1538 ad
893 1500 1066 1539 classem
1094 1492 1214 1547 esse,
1238 1514 1290 1539 ne
1316 1499 1418 1552 quid
1442 1514 1512 1539 eos
1538 1514 1627 1539 mo-

272 1568 445 1600 raretur.
505 1560 601 1600 inde
631 1561 732 1600 iussi
764 1561 881 1600 ducis
914 1561 1072 1601 itineris
1103 1561 1161 1601 ita
1196 1561 1380 1601 (lividere
1412 1561 1544 1609 viam,
1581 1569 1628 1601 ut

275 1630 423 1675 quarta
454 1622 598 1676 vigilia
630 1622 750 1663 tertio
782 1623 847 1663 die
878 1623 1079 1677 Pythium
1112 1623 1263 1664 adoriri
1295 1630 1477 1677 possent.
1537 1623 1627 1677 ipse

273 1692 438 1738 postero
472 1685 557 1733 die,
593 1692 639 1733 ut
672 1684 875 1725 detineret
904 1700 1046 1739 regem
1072 1685 1125 1725 ab
1158 1685 1463 1739 circumspectu
1487 1700 1627 1726 rerum

274 1746 460 1791 aliarum,
481 1747 615 1800 prima
628 1747 719 1787 luce
734 1747 870 1787 medio
884 1746 926 1787 in
942 1748 1060 1788 alveo
1075 1762 1170 1788 cum
1185 1747 1431 1788 stationibus
1445 1747 1628 1787 hostium

274 1808 476 1861 proelium
502 1808 727 1855 commisit,
761 1817 885 1861 atque
918 1817 1152 1863 pugnatum
1177 1809 1426 1862 utrimquest
1456 1810 1539 1850 levi
1564 1824 1627 1849 ar-

274 1878 448 1910 matura.
509 1885 586 1911 nec
622 1871 886 1924 gravioribus
925 1871 1049 1911 armis
1082 1871 1125 1911 in
1155 1878 1241 1911 tam
1274 1871 1486 1923 inaequali
1511 1871 1628 1912 alveo

275 1932 452 1985 pugnari
488 1940 663 1986 poterat.
725 1933 950 1974 descensus
987 1933 1101 1987 ripae
1139 1933 1356 1986 utriusque
1387 1933 1430 1973 in
1462 1933 1628 1974 alveum

275 2002 554 2034 trecentorum
574 1994 704 2036 ferme
724 1999 893 2050 passmn
915 2003 1015 2043 erat,
1030 1995 1215 2036 medium
1231 1995 1409 2049 spatium
1424 1994 1629 2042 torrentis,

274 2056 373 2095 alibi
399 2057 516 2097 aliter
541 2057 689 2105 cavati,
715 2059 839 2112 paulo
866 2059 958 2112 plus
985 2072 1111 2111 quam
1136 2058 1248 2098 mille
1274 2072 1421 2111 passus
1446 2057 1628 2111 patebat.

276 2119 333 2159 ibi
365 2119 407 2159 in
437 2120 574 2160 medio
607 2121 892 2174 spectantibus
930 2121 1140 2173 utrimque
1178 2135 1229 2160 ex
1259 2120 1368 2159 vallo
1401 2128 1630 2159 castrorum

278 2180 392 2234 [hine
417 2182 549 2236 rege,]
579 2183 676 2224 hinc
701 2183 871 2223 consule
898 2197 993 2223 cum
1026 2183 1110 2223 suis
1135 2182 1370 2236 legionibus
1396 2188 1630 2235 pugnatum

276 2251 348 2284 est.
408 2244 634 2285 missilibus
670 2246 815 2299 procul
848 2245 964 2299 regia
995 2245 1150 2285 auxilia
1180 2243 1328 2284 melius
1365 2243 1630 2297 pugnabaut3

277 2306 507 2345 comminus
540 2307 726 2347 stabilior
751 2315 791 2348 01
823 2307 950 2347 tutior
976 2315 1047 2347 aut
1077 2322 1222 2361 parma
1248 2313 1320 2346 aut
1353 2312 1470 2345 scuto
1496 2305 1631 2358 Ligu-

279 2367 385 2406 stino
401 2368 615 2408 Romanus
631 2377 730 2410 01111.
768 2370 939 2410 meridie
960 2370 1046 2410 fere
1067 2368 1253 2423 receptui
1268 2368 1359 2409 cani
1382 2366 1466 2408 suis
1487 2366 1631 2408 consul

277 2429 407 2468 iussit.
468 2430 523 2469 ita
560 2445 607 2470 eo
640 2432 705 2471 dic
737 2432 989 2485 diremptum
1019 2431 1224 2486 proelium
1258 2430 1449 2471 est-haut
1486 2427 1630 2483 paucis

278 2491 487 2543 utrimque
519 2491 758 2532 interfectis.
819 2495 905 2534 sole
931 2501 1020 2535 orto
1052 2501 1217 2548 postero
1245 2493 1311 2534 die
1341 2491 1517 2532 inritatis
1543 2504 1631 2530 cer-

280 2551 433 2592 tamine
459 2553 606 2593 110111ιί5
633 2554 756 2594 etiam
784 2555 917 2595 aerius
944 2571 1193 2596 concursum
1218 2562 1292 2596 est.
1353 2554 1426 2595 sed
1450 2550 1629 2593 Romani

281 2629 363 2654 non
383 2614 436 2654 ab
457 2615 519 2655 his
540 2623 714 2663 tantum,
737 2630 830 2656 eum
850 2617 1001 2669 quibus
1022 2624 1278 2658 contractum
1300 2624 1508 2657 certamen
1528 2622 1628 2661 erat,
