1804 2926
241 176 323 216 2113
504 184 794 219 I'ERIOCHAE
820 185 1083 220 LIBRORL'M
1110 185 1353 220 CIII—CVI.

802 278 850 302 Ex
870 278 942 302 LIB.
964 277 1038 302 CIII.

310 319 473 353 Catilina
499 331 521 353 a
539 318 761 354 C.'Antonio
788 321 1003 364 proconsule
1024 332 1105 354 911111
1125 321 1285 355 exercitu
1305 332 1434 355 caesus
1453 325 1518 356 est.
1557 322 1597 355 P.

243 365 392 399 Clodius
408 368 613 408 accusatus,
636 366 733 408 quod
747 366 783 398 in
797 366 925 399 habitu
939 366 1100 400 mulieris
1116 367 1151 399 in
1165 367 1376 410 sacrarium,
1397 378 1468 410 quo
1481 367 1597 400 virum

243 412 378 444 intrare
403 409 508 443 nefas
533 413 605 453 est,
633 410 726 444 clam
747 411 919 445 intrasset
938 415 975 445 et
993 422 1140 445 uxorem
1164 411 1303 445 Metelli
1322 411 1507 455 pontificis
1525 416 1598 445 stu—

243 459 395 499 prasset,
412 455 602 489 absolutus
616 459 681 489 est.
719 456 759 490 C.
774 456 968 489 I'ontinius
980 461 1128 500 praetor
1141 457 1383 501 Allobrogas,
1406 457 1467 500 qui
1481 457 1597 491 rebel-

244 502 426 541 laverant,
448 501 495 534 ad
515 500 687 535 Solonem
707 501 857 534 domuit.
893 501 936 535 P.
957 500 1107 535 Clodius
1128 502 1174 536 ad
1195 502 1341 546 plebem
1362 502 1520 535 transiit.
1558 501 1597 536 C.

242 546 380 580 Caesar
394 545 591 579 Lusitanos
612 544 777 590 subegit,
803 556 918 590 eoque
934 547 1144 580 consulatus
1159 547 1358 580 candidato
1373 551 1410 581 ct
1423 551 1598 591 captante

242 603 317 625 rem
349 591 536 635 publicam
566 591 740 625 invadere
767 591 989 635 conspiratio
1014 592 1111 625 inter
1134 596 1208 625 tres
1234 592 1391 626 civitatis
1415 592 1599 636 principes

243 637 343 670 faeta
357 640 422 679 cst,
438 636 504 670 Cn.
519 636 746 680 Pompeium,
763 635 812 669 M.
827 635 1008 680 Crassum,
1025 636 1063 670 C.
1080 637 1287 671 Caesarem.
1313 637 1415 682 leges
1431 638 1599 682 agrariae

243 694 265 715 a
278 681 437 716 Caesare
458 681 607 715 consule
627 692 709 715 cum
728 692 866 726 magna
886 683 1138 725 contentione,
1160 683 1273 715 invito
1288 687 1419 716 senatu
1432 689 1468 716 et
1483 683 1599 716 altero

243 727 391 761 consule
412 726 461 760 M.
475 726 627 769 Bibulo,
649 726 748 761 latae
769 730 863 760 sunt.
901 726 940 760 C.
961 727 1144 760 Antonius
1168 728 1363 771 proconsul
1386 727 1421 760 111
1439 727 1601 761 Thracia

242 783 371 816 parum
396 782 570 816 prospere
594 783 671 806 rem
698 772 822 817 gessit.
860 771 909 804 M.
930 771 1058 806 Cicero
1083 772 1165 817 lege
1191 784 1213 806 a
1237 772 1278 805 l'.
1299 772 1427 806 Clodio
1452 772 1599 806 tribuno

241 817 361 861 plebis
385 817 479 859 lata,
507 817 603 860 quod
629 817 860 850 indemnatos
879 817 975 851 cives
994 818 1211 858 necavisset,
1233 818 1270 850 in
1291 817 1438 852 exilium
1457 819 1598 852 missus.

242 861 379 896 Caesar
398 862 435 895 in
449 862 674 906 provinciam
688 860 851 896 Galliam
864 861 1050 906 profectus
1063 861 1253 907 Helvetios
1263 889 1271 905 ,
1292 873 1424 907 vagam
1438 867 1598 907 gentem,

242 907 397 949 domuit,
419 918 513 951 quae
534 907 658 941 sedem
678 918 858 950 quaerens
876 918 942 950 per
960 907 1186 951 provinciam
1206 906 1376 940 Caesaris
1390 907 1599 942 Narbonem

243 953 311 986 iter
323 951 446 985 facere
460 951 620 985 volebat.
645 955 839 995 praeterea
852 952 960 985 situm
974 950 1180 985 Galliarum
1193 952 1369 985 eontinet.
1402 952 1600 996 Pompeius

242 997 288 1031 de
323 997 449 1030 liberis
480 995 721 1039 Mithridatis,
759 995 922 1040 Tigrane
960 1000 997 1030 et
1027 995 1202 1041 Tigranis
1238 997 1313 1030 11110
1350 997 1600 1042 triumphavit,

242 1042 475 1087 Magnusque
490 1052 509 1075 e
523 1044 602 1075 tota
615 1042 785 1075 contione
799 1041 1050 1074 consalutatus
1064 1045 1130 1075 est.

798 1093 849 1117 Ex
868 1093 942 1117 LIB.
963 1092 1053 1118 91111.

310 1132 437 1166 Prima
449 1143 536 1176 pars
550 1131 634 1165 libri
648 1131 757 1164 situm
771 1129 994 1165 Germaniae
1006 1141 1198 1175 moresque
1213 1132 1387 1166 continet.
1414 1131 1454 1167 C.
1464 1132 1600 1167 Caesar

243 1189 325 1211 cum
346 1178 519 1211 adversus
534 1175 757 1219 Germanos,
778 1176 840 1220 qui
853 1176 1039 1210 Ariovisto
1060 1176 1153 1210 duce
1172 1177 1210 1210 in
1231 1176 1395 1211 Galliam
1414 1182 1601 1213 transcen-

243 1224 384 1265 derant,
407 1222 605 1257 exereitum
619 1221 781 1265 duceret,
801 1225 953 1267 rogatus
968 1221 1015 1255 ab
1029 1221 1169 1255 Aeduis
1185 1226 1221 1256 ct
1235 1221 1426 1266 Sequanis,
1449 1234 1602 1267 quorum

244 1280 335 1314 ager
353 1267 627 1313 possidebatur,
648 1267 931 1310 trepidationem
945 1267 1100 1300 militum
1113 1271 1264 1311 propter
1276 1271 1413 1301 metum
1426 1279 1603 1303 novorum

243 1314 401 1348 hostium
422 1316 538 1347 ortam
558 1312 791 1346 adlocutione
812 1312 991 1346 exereitus
1003 1312 1162 1346 inhibuit
1181 1315 1217 1346 et
1229 1313 1344 1347 victos
1356 1313 1496 1357 proelio
1511 1313 1603 1348 Ger-

242 1370 370 1393 manos
385 1357 511 1393 Gallia
529 1357 679 1402 expulit.
716 1356 766 1390 M.
782 1357 910 1391 Cicero
930 1357 1108 1402 Pompeio
1127 1358 1222 1391 inter
1242 1358 1333 1392 alios
1354 1362 1544 1403 exorante,
1566 1362 1604 1394 et.

245 1405 289 1438 T.
303 1405 426 1437 Annio
440 1403 576 1438 Milone
590 1403 736 1437 tribuno
750 1403 870 1447 plebis
884 1405 1068 1448 [agente]‚
1089 1403 1125 1436 in
1156 1403 1231 1437 91111
1245 1403 1381 1447 gaudio
1395 1407 1544 1438 senatus
1560 1415 1603 1438 ae

244 1450 356 1483 totius
375 1449 507 1483 ltaliae
528 1448 575 1482 ab
601 1448 708 1482 exilio
734 1448 908 1482 reductus
928 1451 994 1482 est.
1033 1447 1098 1482 Cn.
1153 1449 1296 1493 ompeio
1315 1460 1382 1493 per
1401 1450 1601 1494 quinquen—

243 1495 344 1528 nium
369 1504 538 1528 annonae
563 1504 651 1527 cura
674 1493 851 1527 mandata
865 1497 930 1527 est.
968 1493 1105 1527 Caesar
1122 1493 1343 1537 Ambianos,
1371 1493 1599 1537 Suessionas,

245 1539 526 1581 Viromanduos,
540 1538 752 1580 Atrebates,
766 1538 967 1571 Belcrarum
980 1538 1148 1582 populos,
1171 1549 1322 1582 quorum
1336 1539 1467 1583 ingens
1481 1539 1601 1573 multi-

244 1585 332 1618 tudo
360 1588 455 1627 erat,
480 1584 620 1628 proelio
639 1583 756 1616 victos
775 1583 811 1615 in
832 1564 1055 1617 deditionem
1076 1584 1236 1627 accepit,
1258 1594 1300 1617 ac
1321 1583 1454 1618 deinde
1475 1587 1602 1618 contra

246 1630 415 1673 Nervios,
435 1640 547 1662 unam
566 1639 609 1663 ex
628 1628 684 1661 his
703 1628 929 1670 civitatibus,
951 1639 1034 1661 cum
1053 1639 1188 1673 magno
1203 1629 1409 1663 discrimine
1423 1630 1603 1675 pugnavit

245 1686 399 1719 eamque
425 1678 574 1719 gentem
600 1672 752 1716 delevit,
780 1684 874 1717 quae
899 1672 1037 1707 bellum
1057 1674 1188 1718 gessit,
1210 1674 1326 1707 donec
1346 1685 1389 1707 ex
1410 1675 1603 1719 sexaginta

245 1720 391 1753 milibus
412 1723 634 1753 armatorum
647 1718 747 1752 mille
761 1721 1012 1762 superessent,
1034 1730 1076 1752 ex
1090 1719 1267 1753 sescentis
1282 1719 1513 1753 senatoribus
1528 1724 1601 1754 tres

245 1768 387 1799 tantum
411 1765 620 1799 evaderent.
658 1763 741 1808 lege
767 1763 844 1797 lata
869 1763 914 1797 de
939 1764 1143 1808 redigenda
1162 1765 1198 1797 in
1218 1765 1428 1807 provinciae
1447 1764 1601 1799 formam

245 1810 368 1855 Cypro
388 1814 424 1843 ct
443 1808 668 1854 publicanda
687 1809 847 1852 pecunia
866 1810 986 1853 regia,
1008 1808 1057 1842 M.
1080 1808 1211 1843 Catoni
1233 1809 1499 1843 administratio
1525 1811 1602 1845 eius

244 1856 297 1890 rei
321 1855 498 1889 mandata
521 1858 587 1889 est.
625 1854 861 1887 Ptolemaeus
880 1854 1047 1898 Aegypti
1072 1865 1152 1895 rex,
1180 1854 1225 1887 ob
1252 1855 1403 1888 iniurias
1428 1866 1518 1898 quas
1537 1866 1601 1899 pa-

244 1901 409 1934 tiebatur
427 1912 448 1934 a
468 1900 542 1933 suis
560 1910 676 1945 regno
699 1899 858 1942 [relicto]
873 1925 881 1942 ,
901 1898 1056 1932 Romam
1074 1899 1185 1932 venit.
1222 1899 1262 1933 C.
1277 1899 1414 1933 Caesar
1426 1900 1601 1943 Venetos,

244 1950 391 1990 gentem
401 1945 549 1979 Oceano
563 1945 737 1987 iunctam,
752 1944 874 1977 navali
887 1944 1027 1988 proelio
1041 1944 1139 1978 vicit.
1162 1949 1356 1989 praeterea
1369 1955 1428 1979 res
1441 1945 1603 1990 alegatis

244 1991 322 2024 eius
336 1991 464 2025 eadem
478 1990 626 2024 fortuna
639 1993 764 2034 gestas
777 1990 950 2023 continet.

815 2041 865 2066 Ex
884 2042 956 2067 LIB.
978 2041 1038 2067 CV.

311 2082 402 2116 Cum
417 2081 456 2116 C.
473 2080 624 2115 Catonis
644 2080 782 2114 tribuni
800 2080 920 2124 plebis
934 2081 1259 2115 intercessionibus
1274 2081 1422 2115 comitia
1434 2080 1602 2116 tolleren-

245 2133 319 2171 tur,
340 2131 490 2161 senatus
509 2130 648 2160 vestem
666 2126 831 2159 mutavit.
868 2125 918 2159 M.
933 2125 1025 2160 Cato
1045 2125 1082 2159 in
1095 2126 1273 2170 petitione
1287 2131 1483 2170 praeturae
1497 2138 1601 2171 prae-

245 2174 318 2206 lato
334 2172 482 2207 Vatinio
502 2171 688 2215 repulsam
706 2171 802 2204 tulit.
840 2171 937 2205 idem
956 2182 1037 2205 cum
1056 2171 1177 2216 legem
1196 2171 1244 2205 im
1274 2172 1407 2214 ediret,
1430 2182 1502 2216 qua
1521 2182 1603 2216 pro-

244 2218 385 2252 vinciae
412 2216 623 2251 consulibus
644 2217 681 2250 in
701 2217 1006 2260 quinquennium,
1028 2216 1204 2260 Pompeio
1265 2217 1447 2261 ispaniae,
1469 2216 1601 2251 Crasso

246 2263 354 2308 Syria
368 2267 404 2297 ct
419 2262 634 2296 Parthicum
648 2261 786 2296 bellum
801 2261 996 2305 dabantur,
1019 2273 1042 2295 a
1055 2261 1093 2296 C.
1111 2261 1296 2295 Trebonio
1310 2261 1456 2295 tribuno
1470 2262 1602 2306 plebis,

244 2309 338 2353 legis
359 2311 523 2349 auctore,
544 2308 582 2341 in
601 2307 748 2341 vincula
768 2307 899 2341 duetus
913 2310 978 2341 est.
1013 2307 1058 2340 A.
1075 2306 1257 2341 Gabinius
1271 2307 1467 2351 proconsul
1480 2307 1603 2342 Ptole-

244 2365 388 2387 maeum
413 2353 557 2387 reduxit
582 2353 620 2386 in
644 2363 800 2398 regnum
817 2352 1002 2397 Aegypti,
1027 2353 1164 2386 reiecto
1183 2352 1385 2391 Archelao,
1408 2364 1515 2397 quem
1535 2352 1604 2386 sibi

246 2410 370 2443 regem
396 2398 639 2432 adsciverant.
687 2398 792 2431 victis
821 2396 1017 2432 Germanis
1047 2399 1084 2430 in
1110 2396 1236 2431 Gallia
1262 2397 1410 2442 (caesis)
1435 2397 1603 2431 Rhenum

246 2443 473 2477 transcendit
498 2447 535 2477 et
559 2443 760 2487 proximam
784 2446 929 2487 partem
957 2442 1179 2477 Germaniae
1206 2443 1362 2484 domuit,
1396 2454 1438 2477 ac
1471 2443 1603 2477 deinde

247 2488 394 2523 Oceano
415 2489 452 2522 in
471 2488 736 2527 Brittanniam,
758 2487 873 2530 primo
894 2498 1024 2532 parum
1043 2498 1217 2532 prospere
1237 2488 1519 2531 tempestatibus
1541 2488 1601 2521 ad—

247 2534 357 2567 versis
370 2534 526 2576 traiecit,
541 2533 672 2567 iterum
685 2532 840 2574 felicius,
854 2543 1062 2578 magnaque
1076 2533 1310 2567 multitudine
1324 2533 1481 2566 hostium
1496 2544 1604 2567 caesa

248 2578 408 2623 aliquam
421 2582 563 2623 partem
577 2577 718 2612 insulae
732 2577 768 2610 in
782 2581 1005 2620 potestatem
1018 2578 1172 2623 redegit.

807 2629 858 2653 Ex
878 2629 950 2653 Llss.
974 2629 1048 2654 CVI.

314 2667 408 2702 Iulia
423 2668 591 2702 Caesaris
605 2666 693 2710 filia,
708 2666 861 2711 Pompei
876 2678 975 2710 uxor,
993 2667 1160 2711 decessit,
1183 2667 1369 2712 honosque
1385 2668 1417 2702 ei
1432 2678 1453 2701 a
1466 2666 1602 2711 populo
