1804 2926
284 163 339 204 80
556 174 708 208 LIBER
734 174 941 219 xxxxu,
969 176 1022 210 61.
1044 175 1098 209 62.
1127 176 1364 220 [a.u.e.583]

240 290 258 319 6
284 276 500 317 divisimus
524 276 631 318 inter
656 292 742 318 vos.
779 293 858 319 nec
888 279 1091 320 minorem
1117 278 1168 320 de
1193 279 1427 334 legionibus
1452 280 1640 334 peditum

283 338 500 379 victoriam
530 339 714 388 habetis,
746 353 854 392 quae
884 349 1088 382 nocturna
1118 341 1222 395 fuga
1252 341 1370 382 vobis
1403 342 1641 385 subtractae

282 401 585 455 naufragorum
616 402 892 456 trepidatione
922 404 1079 458 passim
1103 403 1337 444 natantium
1362 404 1519 446 flumen
1544 419 1642 447 con-

240 476 255 504 ῖ
282 463 514 516 pleverunt.
559 463 634 504 sed
658 463 823 505 facilius
848 466 969 506 nobis
995 466 1266 519 sequentibus
1292 466 1424 507 victos
1449 466 1641 508 Peneum

284 539 481 579 superare
501 525 591 574 erit,
610 539 737 578 quam
757 526 837 567 illis
857 528 1161 582 trepidantibus
1183 528 1280 577 fuit3
1307 529 1641 584 transgressique

283 587 492 641 extemplo
524 595 660 628 castra
691 589 1049 643 oppugnabimus,
1086 604 1194 643 quac
1221 590 1345 632 hodic
1371 591 1641 645 cepisschS,

238 662 258 691 8
283 648 326 688 ni
358 648 584 703 fugissent3
623 658 693 690 aut
726 651 760 690 si
792 651 879 692 acie
906 651 1128 693 decernere
1161 652 1322 701 volent,
1360 653 1540 694 eundem
1564 668 1642 707 pu-

283 725 392 764 gnae
422 711 625 765 pedestris
659 719 857 753 eventum
891 722 1127 768 expectate,
1165 714 1236 767 qui
1267 714 1455 768 equitum
1486 715 1528 756 in
1554 730 1642 757 cer-

241 786 258 814 9
285 772 439 813 tamine
476 773 582 813 fuit!
643 781 682 814 et
715 774 787 826 qui
822 774 1008 816 vicerant
1040 776 1217 825 alacres,
1257 777 1389 831 spolia
1426 791 1642 819 caesorum

282 833 465 874 hostium
495 834 678 876 humeris
710 844 904 890 gerentes
936 837 1124 878 facinora
1156 853 1232 878 sua
1264 839 1482 887 audivere,
1515 855 1566 881 ex
1592 853 1641 881 6ο

221 910 257 940 10
283 897 396 948 quod
415 897 621 937 acciderat
642 912 759 951 spem
779 898 910 938 futuri
929 899 1246 953 praecipienteS‚
1272 907 1311 940 ct
1331 901 1492 954 pedites
1507 901 1643 943 aliena

280 958 415 1012 gloria
435 959 611 1006 accensi,
632 960 856 1013 praecipue
876 960 948 1013 qui
962 960 1248 1001 Macedonum
1268 961 1490 1016 phalangis
1510 974 1642 1012 erant,

281 1019 362 1060 sibi
386 1034 553 1073 quoque
586 1027 626 1061 et
657 1021 877 1061 navandae
902 1022 992 1076 regi
1017 1036 1170 1076 operae
1197 1030 1237 1063 et
1263 1023 1440 1064 similem
1464 1024 1642 1078 gloriam

217 1096 254 1124 11
282 1097 335 1123 ex
371 1081 489 1123 hoste
524 1083 714 1137 pariendi
745 1082 1028 1139 occasione[1n
1060 1085 1274 1138 optabant.
1335 1085 1547 1141 contione]
1580 1086 1643 1128 di-

281 1144 428 1193 missa,
464 1152 631 1199 postero
669 1146 735 1186 die
772 1145 986 1200 profectus
1028 1146 1124 1188 inde
1161 1147 1215 1188 ad
1250 1147 1469 1202 Mopsium
1504 1149 1643 1203 posuit

282 1214 430 1248 castra.
479 1208 665 1249 tumulus
696 1208 763 1249 hic
790 1216 886 1250 ante
911 1208 1073 1264 Tempe
1099 1209 1251 1251 eminet
1278 1209 1454 1252 Larisae
1478 1211 1641 1253 medius

280 1270 302 1320 †
327 1269 575 1310 abestonum
598 1279 696 1303 ÷÷÷÷÷÷

241 1346 255 1373 1
366 1330 515 1371 LXII.
543 1330 872 1387 [Romani‚]non
886 1333 1158 1375 abscedentes
1173 1334 1225 1375 ab
1240 1334 1331 1389 ripa
1343 1334 1489 1384 Penei,
1504 1342 1640 1376 trans-

238 1407 256 1436 :2
281 1393 463 1433 tulerunt
489 1393 532 1434 in
556 1395 695 1435 locum
720 1395 915 1437 tutiorem
941 1403 1088 1437 castra.
1126 1411 1175 1438 eo
1195 1386 1440 1452 hfisagenes
1455 1397 1641 1438 Numida

281 1455 395 1495 venit
421 1469 516 1495 cum
540 1456 654 1497 mille
679 1457 909 1510 equitibus,
935 1458 1027 1512 pari
1050 1459 1241 1513 peditum
1266 1474 1454 1509 numero,
1482 1460 1535 1501 ad
1559 1460 1639 1500 hoc

237 1530 255 1560 3
282 1516 514 1571 elephantis
540 1518 705 1559 duobus
731 1527 771 1560 et
795 1519 956 1574 viginti.
1011 1535 1085 1574 per
1110 1535 1180 1561 eos
1207 1521 1294 1562 dies
1321 1522 1541 1562 consilium
1565 1521 1640 1562 ha-

280 1577 395 1619 benti
419 1579 508 1632 regi
534 1579 585 1619 de
610 1594 774 1621 summa
800 1579 994 1635 [rerum]‚
1021 1596 1113 1622 cum
1140 1582 1224 1622 iam
1250 1583 1504 1624 consedisset
1531 1583 1641 1624 fero-

281 1640 346 1680 cia
371 1640 425 1681 ab
450 1656 494 1681 re
520 1641 627 1682 bene
652 1650 790 1696 gesta,
817 1643 907 1683 ausi
933 1650 1027 1683 sunt
1055 1643 1226 1696 quidam
1251 1644 1479 1685 amicorum
1506 1645 1641 1686 consi-

280 1702 384 1743 lium
415 1702 534 1752 darc,
571 1712 618 1744 ut
647 1704 831 1745 secunda
862 1704 1032 1746 fortuna
1055 1706 1098 1746 in
1123 1706 1410 1748 condicionem
1440 1707 1640 1749 honestae

281 1766 396 1820 pacis
427 1774 614 1808 uteretur
646 1768 784 1822 potius
816 1782 943 1821 quam
975 1783 1048 1822 spe
1080 1783 1190 1809 vana
1222 1777 1391 1810 evectus
1422 1769 1465 1810 in
1495 1784 1639 1810 casum

235 1842 256 1871 4
281 1829 607 1870 inrevocabilem
632 1844 676 1870 se
703 1830 838 1871 daret:
871 1830 1044 1871 modum
1068 1831 1267 1885 inponere
1294 1832 1487 1873 secundis
1513 1833 1638 1873 rebus

280 1906 357 1932 nec
382 1891 504 1932 nimis
531 1892 698 1933 credere
725 1893 937 1933 serenitati
963 1894 1192 1948 praesentis
1218 1894 1430 1944 fortunae,
1456 1895 1639 1950 pruden-

237 1966 255 1995 5
281 1953 333 1993 tis
358 1952 538 1993 hominis
564 1961 605 1994 et
635 1954 783 1995 merito
816 1954 949 1995 felicis
975 1970 1078 1996 6556.
1137 1955 1321 1997 mitteret
1346 1957 1399 1997 ad
1424 1957 1639 1998 consulem

279 2016 352 2069 (1111
376 2015 525 2056 foedus
551 2015 594 2056 in
619 2016 786 2058 easdem
812 2017 927 2071 leges
952 2026 1215 2066 renovarent,
1241 2018 1394 2071 quibus
1415 2018 1639 2073 Philippus

279 2085 398 2132 pater
440 2078 528 2119 eius
570 2093 719 2132 pacem
765 2079 817 2120 ab
861 2079 911 2120 T.
956 2079 1156 2131 Quinctio
1198 2080 1354 2122 victore
1396 2081 1638 2136 accepisset.

236 2152 252 2181 6
282 2154 418 2193 116(1116
445 2140 634 2182 desinere
667 2141 824 2182 bellum
849 2142 1186 2196 magnificentius
1211 2156 1339 2196 quam
1364 2143 1417 2183 ab
1443 2150 1528 2183 tam
1552 2158 1640 2183 me-

281 2201 474 2242 morabili
509 2217 654 2257 pugna
694 2202 864 2257 [posse‚
901 2202 1064 2258 neque]
1109 2219 1226 2258 spem
1263 2204 1488 2245 firmiorem
1523 2205 1640 2259 pacis

280 2268 507 2316 perpetuae
545 2264 655 2313 dari,
699 2279 827 2318 quam
871 2280 979 2319 quae
1021 2266 1234 2320 perculsos
1272 2266 1447 2307 adverso
1482 2267 1639 2321 proelio

238 2338 253 2366 7
282 2324 495 2365 Romanos
521 2327 732 2368 molliores
763 2327 927 2368 factura
952 2328 1003 2368 sit
1035 2328 1088 2368 ad
1120 2326 1435 2382 paciscendum(
1491 2328 1639 2382 quodsi

280 2385 458 2426 Romani
486 2395 574 2427 tum
600 2402 766 2442 quoque
798 2390 922 2430 insita
946 2389 1175 2444 pertinacia
1208 2404 1344 2444 aequa
1369 2405 1639 2445 aspernaren-

281 2457 366 2495 tur,
399 2448 498 2488 deos
529 2448 801 2504 hominesque
832 2460 873 2493 et
903 2452 1200 2493 moderationis
1225 2453 1371 2494 Persei
1403 2462 1444 2494 et
1474 2454 1638 2494 illorum

235 2522 255 2552 8
280 2509 509 2564 pervicacis
536 2512 755 2564 superbiae
781 2514 943 2555 futuros
969 2523 1108 2555 testes.
1152 2530 1382 2569 numquam
1407 2516 1460 2556 ab
1485 2515 1637 2555 talibus

281 2571 462 2611 consiliis
488 2571 738 2613 abhorrebat
771 2575 880 2628 regis
907 2576 1083 2616 animus.
1143 2577 1286 2630 itaque
1311 2577 1536 2631 plurimum
1563 2576 1636 2616 ad-

238 2648 255 2676 9
283 2648 406 2674 5611511
443 2634 699 2688 conprobata
735 2637 959 2685 sententia,
1001 2637 1129 2691 legati
1169 2638 1222 2679 ad
1266 2639 1478 2679 consulem
1522 2637 1635 2678 missi
