1804 2926
174 153 255 181 VIII

170 231 342 263 accurate
363 228 530 273 exposuit
549 226 757 272 Madvigius
771 226 794 260 l.
808 226 832 260 l.
848 238 882 271 p.

167 274 236 308 485
249 286 314 319 sq.,
336 278 377 308 ut
397 278 481 308 acta
501 285 611 319 agere
633 272 802 317 equidem
821 284 882 305 no—

169 319 243 352 lim.

217 364 289 399 Sed
303 364 375 398 iam
391 367 475 398 ante
485 364 780 408 supplementum
794 362 883 396 illud

170 421 193 444 a
212 409 427 455 Kreyssigio
448 409 585 443 editum
612 408 777 442 codicem
796 408 884 442 Vin-

170 455 338 489 dobonae
371 459 408 488 ct
437 454 693 488 Alschefskius
731 453 886 487 contulit

169 500 440 544 nonnullasque
455 499 538 533 inde
553 498 731 533 lectiones
745 498 781 531 in
791 509 885 532 00111-

169 545 358 579 mentariis
378 545 452 578 suis
477 544 614 589 passim
638 543 825 588 protulit‚⁷
851 548 887 577 et

171 590 380 635 Madvigius
394 602 459 634 per
467 590 592 634 capita
602 593 699 624 certe
709 588 887 621 nonnulla

169 636 338 680 inspexit,
350 634 432 670 011111
447 639 588 669 aestate
603 633 886 668 11111111846601-

169 681 329 715 maniam
364 680 509 715 viseret.
574 680 629 713 Ex
666 691 740 724 qua
775 690 887 723 opera

170 726 349 760 subitaria
378 730 464 760 orta
491 729 546 759 est
577 725 791 770 ingeniosaS
821 723 887 757 viri

170 771 399 816 sagacissimi
430 776 467 805 et
498 770 733 805 eruditissimi
765 769 886 813 dispu—

169 818 261 850 tatio
301 817 363 850 ‘de
394 815 490 849 Livii
520 815 604 849 libri
629 814 760 848 XLIII
785 815 886 847 initio

171 873 190 896 e
217 862 297 895 cod.
323 861 484 896 Vindob.
512 860 766 902 emendandos
793 871 886 903 quae

170 907 343 941 Hauniae
370 918 402 940 a.
431 906 519 940 1852
544 905 691 949 prodiit.
751 904 887 938 Postea

172 956 295 986 autem
306 951 515 995 Madvigius
530 949 763 984 collationem
776 949 888 982 totius

172 997 309 1031 codicis
324 996 392 1029 sibi
406 996 561 1040 paravit,
571 995 705 1039 partim
721 994 887 1027 aloanne

170 1042 496 1084 Forchhammero,
535 1040 669 1084 partim
701 1050 722 1072 a
747 1039 888 1072 duobus

172 1087 257 1120 viris
292 1085 644 1122 Vindobonensibus
682 1084 888 1118 confectam

171 1133 219 1177 (v.
241 1143 309 1167 em.
330 1131 410 1165 Liv.
431 1142 466 1175 p.
480 1130 574 1176 487).
622 1129 736 1163 Haud
761 1140 889 1173 parum

171 1179 252 1222 ipsa
264 1177 334 1211 hac
343 1176 538 1210 collatione
548 1175 694 1209 adiutus
708 1174 889 1218 permulta

171 1222 322 1268 egregie
335 1222 396 1256 1110
410 1233 476 1266 per
489 1221 555 1255 hos
569 1231 713 1265 quoque
727 1219 838 1266 libros
853 1219 889 1252 111

172 1267 491 1303 emendationibus
528 1266 694 1299 Livianis
731 1276 764 1298 a.
802 1265 890 1298 1860

172 1313 282 1348 editis
335 1311 552 1356 corruptelis
617 1310 789 1345 liberavit
854 1314 889 1343 et

173 1359 221 1393 ad
258 1358 458 1404 genuinam
500 1357 657 1391 formam
692 1355 888 1397 revocavit,

173 1415 298 1438 omnes
335 1402 471 1437 codicis
507 1401 718 1445 scripturas,
757 1404 798 1434 ut
828 1400 890 1433 alii

175 1448 384 1484 examinare
398 1447 551 1492 possint,
573 1446 788 1491 propediem
802 1445 890 1479 alibi

173 1506 212 1529 se.
242 1494 423 1529 editurum
449 1491 788 1536 esse-promittens,
847 1490 891 1523 Id

175 1540 292 1584 quod,
317 1539 355 1572 111
379 1538 506 1580 fallor,
533 1536 613 1580 fiet,
642 1536 670 1570 si
696 1547 741 1570 ea
765 1535 888 1577 editio,

175 1596 286 1630 quam
305 1583 544 1618 cummaxime
563 1593 638 1616 una
663 1593 744 1615 cnm
763 1581 890 1616 Ussin-

174 1630 236 1676 gio
255 1630 292 1663 in
311 1629 500 1674 publicum
520 1627 652 1662 emittit
671 1626 889 1671 Madvigius,

175 1686 290 1720 usque
311 1674 359 1708 ad
380 1677 559 1708 extremos
585 1673 697 1706 libros
716 1675 891 1717 typogra—

174 1721 248 1766 pho
262 1719 463 1754 tradendos
476 1717 709 1763 processerit..

221 1765 414 1810 Equidem,
437 1775 519 1797 011111
539 1774 623 1797 vere
646 1762 833 1796 3111111857
848 1761 892 1796 (10

174 1811 252 1845 vita
271 1822 314 1845 ac
333 1810 478 1854 scriptis
497 1808 594 1842 Livii
619 1807 892 1842 commentatio—

175 1868 261 1891 nem
280 1855 564 1897 conscriberem,
588 1853 787 1887 arbitratus
802 1864 892 1895 sum,

175 1913 234 1937 me
275 1900 482 1936 hominibus
525 1899 641 1933 doctis
684 1897 893 1943 significare

175 1958 300 1993 posse,
327 1946 461 1979 iustam
486 1945 614 1978 horum
639 1943 814 1977 librorum
840 1954 893 1977 re—

177 1992 388 2027 censionem
402 2002 476 2024 una
491 2001 573 2024 cum
587 1988 751 2033 perfecta
760 1988 895 2022 codicis

177 2037 374 2071 collatione
389 2036 527 2070 editum
541 2034 585 2068 iri
599 2033 794 2068 aGustavo
808 2033 895 2066 Lin-

177 2083 279 2125 kero,
294 2086 371 2116 tum
385 2079 676 2123 vindobonensi,
691 2090 788 2112 nunc
801 2078 895 2112 Leo—

177 2128 355 2173 politano.
383 2125 457 2160 Sed
471 2126 563 2159 haec
579 2136 662 2169 spes
676 2135 733 2158 me
748 2123 895 2158 fefellit.

224 2173 304 2207 Iam
316 2183 402 2206 vero
418 2182 500 2205 cum
518 2170 664 2205 interim
683 2180 766 2203 mea
785 2169 897 2203 editio

180 2242 342 2266 ——XXXXV
370 2248 406 2265 ex
432 2240 495 2265 cod.
516 2241 583 2264 olim
608 2240 797 2269 Laurishem.‚
822 2246 897 2263 nunc

180 2276 303 2300 Yinaob.
318 2282 334 2299 a
347 2275 415 2299 Sim.
433 2274 563 2305 Grynaeo
578 2275 679 2298 editos.

215 2311 229 2333 7
250 2310 322 2333 Num
347 2309 473 2333 universi
499 2308 562 2332 eod.
584 2307 748 2332 conserendi
773 2307 897 2331 laborem

181 2343 337 2368 absolverit
347 2342 543 2366 Alschefskius
553 2342 681 2371 equidem
691 2341 798 2365 nescio.
815 2341 898 2364 Sche-

182 2378 235 2401 11110
256 2377 316 2400 eins
331 2376 476 2403 Livianae,
497 2376 525 2399 ni
546 2375 641 2403 fallor.
664 2377 729 2399 sunt
756 2382 843 2405 penes
862 2375 897 2398 Α.

182 2411 227 2435 W.
247 2410 425 2440 Zumptiurn;
453 2409 582 2439 equidem
607 2415 759 2439 numquam
785 2415 831 2432 eas
858 2409 899 2432 in-

183 2445 282 2474 spexi,
315 2443 389 2474 quod
421 2450 522 2466 moneo
552 2445 667 2473 propter
692 2449 724 2465 ea
750 2448 820 2472 quae
845 2442 897 2465 Th.

183 2478 387 2503 Mommsenius
407 2476 480 2500 dixit
500 2483 601 2499 eornm.
616 2482 673 2499 soc.
695 2476 736 2499 lit.
752 2475 817 2499 Sax.
832 2475 898 2499 vm

184 2515 243 2542 554,
259 2512 306 2543 qui
320 2517 390 2542 quae
404 2510 438 2534 dc
453 2510 661 2534 commentariis
677 2509 900 2533 Alschefskianis

184 2554 200 2571 a
216 2554 260 2572 me
273 2545 450 2577 perlustratis
464 2544 496 2567 ad
514 2551 576 2567 eum
591 2544 758 2574 scripseram
771 2542 805 2566 de
819 2543 900 2566 sche-

185 2581 230 2605 dis
244 2587 311 2604 mss.
326 2579 439 2603 videtur
452 2578 640 2602 intellexisse.

220 2616 236 2639 8
262 2613 398 2645 Quamvis
428 2619 485 2635 non
510 2611 603 2635 desint
628 2616 698 2640 quae
723 2608 900 2633 retractanda

186 2649 242 2680 ipsi
261 2647 368 2672 auctori
388 2646 571 2670 celeberrimo
591 2643 666 2670 nuric
685 2644 843 2673 videantur,
864 2643 899 2667 cs.

187 2691 244 2708 em.
258 2683 321 2707 Liv.
335 2688 362 2713 p.
376 2682 426 2706 542)
439 2686 482 2711 sq.

663 148 887 175 ADNOTATIO
909 147 1068 174 CRITICA.

908 237 951 261 eo
965 227 1261 271 processisset‚ut
1274 226 1360 261 mihi
1375 225 1443 272 ipsi
1459 226 1506 261 ad
1520 226 1623 271 quin-

908 277 982 306 tam
1010 273 1186 306 decadem
1218 273 1494 317 perpoliendam
1520 283 1622 306 acce-

909 317 1067 351 dendum
1082 322 1188 360 esset,
1211 330 1278 351 nec
1294 318 1532 363 Madvigiana
1545 317 1623 350 diu-

909 363 980 396 tius
1012 367 1206 407 expectare
1239 364 1382 406 liceret,
1416 363 1515 396 nolui
1542 374 1622 396 eam

910 408 986 442 sine
1007 410 1115 441 unico
1136 408 1198 442 illo
1218 408 1337 443 iustae
1358 408 1624 443 emendationis

910 453 1149 487 instrumento
1175 454 1331 498 prodire.
1392 453 1487 487 Tum
1513 464 1622 497 quae-

909 498 1003 532 renti
1022 498 1110 536 mihi
1130 510 1173 532 ac
1187 498 1505 543 circumspicienti,
1527 499 1624 532 unde

910 544 947 576 id
961 544 1201 587 nanciscerer,
1212 544 1465 578 liberalissime
1476 555 1624 589 operam

911 601 1013 622 suam
1055 589 1190 623 obtulit
1224 589 1383 623 Ioannes
1420 589 1623 632 Vahlcnus,

911 634 996 667 011111
1016 638 1171 677 nostras,
1197 645 1295 668 nunc
1314 634 1625 669 Vindoboncnsis.

912 679 1023 713 Cuius
1047 679 1114 713 viri
1141 680 1339 713 doctissimi
1366 691 1474 714 curae
1500 679 1625 713 soller-

910 724 1072 759 tissimae
1093 724 1209 759 debeo
1231 725 1465 759 collationem
1490 725 1626 759 codicis

912 769 1219 803 Larishamiensis
1263 770 1502 804 subtilissima
1545 770 1626 803 dili-

912 815 1038 860 gentia
1047 815 1264 857 confectam,
1277 827 1318 849 ex
1328 827 1401 859 qua
1414 817 1490 859 ipse
1500 815 1625 849 lectio-

912 870 977 893 nes
1003 859 1143 903 aliquot
1167 861 1373 904 protulerat
1404 865 1441 895 et
1469 860 1628 894 feliciter

912 905 1056 947 multas,
1079 905 1263 949 sagaciter
1277 916 1401 939 omnes
1415 906 1629 940 emendarat

912 950 949 982 in
975 953 1044 983 act.
1072 961 1196 994 gymn.
1215 950 1398 983 Austriae.
1425 962 1457 984 a.
1484 951 1571 984 1861
1591 962 1627 994 p.

912 995 933 1027 ἵ)
947 1005 1024 1037 sqq.
1040 994 1106 1027 245)
1120 1005 1198 1038 sqq.
1208 994 1223 1018 9
1253 994 1342 1027 Ε1115
1355 995 1468 1040 igitur
1482 1007 1550 1039 ope
1565 997 1627 1029 ad-

914 1039 1010 1072 iutus
1030 1039 1102 1072 iam
1121 1050 1219 1072 nunc
1241 1039 1401 1083 quinque
1426 1040 1491 1073 hos
1516 1041 1629 1074 libros

912 1084 1023 1128 plena
1035 1084 1204 1128 iustaque
1219 1084 1354 1118 codicis
1368 1084 1629 1120 Vindoboncn—

913 1129 962 1162 sis
998 1129 1195 1164 collatione
1235 1129 1392 1174 primum
1432 1130 1630 1164 instructas

913 1185 1088 1219 propono.

958 1219 1016 1253 De
1030 1219 1111 1264 ipsa
1124 1219 1260 1253 codicis
1281 1219 1404 1254 indole
1425 1231 1507 1254 cum
1527 1232 1630 1266 egre-

914 1265 985 1310 gie,
1001 1268 1041 1298 ut
1055 1265 1201 1307 assolet,
1212 1265 1408 1308 disputarit
1421 1265 1630 1310 Madvigius

914 1310 1056 1345 emend.
1071 1310 1150 1343 Liv.
1170 1322 1205 1354 p.
1219 1311 1287 1343 484
1300 1321 1391 1354 sqq.,
1412 1321 1454 1344 eo
1474 1311 1631 1345 lectores

915 1355 1091 1400 ablegare
1117 1355 1219 1398 licet,
1246 1366 1328 1388 cum
1352 1355 1395 1398 ii,
1423 1367 1574 1399 quorum
1594 1360 1632 1390 et

916 1401 1005 1434 haec
1032 1404 1069 1434 et
1093 1405 1215 1434 cetera
1235 1401 1282 1434 ad
1307 1400 1416 1433 crisin
1436 1401 1631 1435 Livianam

915 1445 1137 1490 pertinentia
1161 1456 1267 1479 nosse
1292 1445 1461 1489 interest,
1493 1447 1630 1490 optimo

916 1491 977 1524 1110
991 1490 1084 1524 libro
1099 1491 1266 1524 instructi
1281 1490 1354 1525 sive
1368 1491 1441 1524 sint
1462 1491 1537 1526 sive
1551 1503 1631 1526 esse

915 1540 1013 1570 certe
1044 1535 1215 1570 debeant.
1277 1536 1367 1570 Cum
1392 1536 1632 1582 Madvigiana

916 1581 1164 1625 disputatione
1188 1592 1262 1614 non
1287 1582 1363 1615 sine
1388 1581 1511 1615 fructu
1536 1594 1632 1616 com-

916 1626 1145 1670 parabuntur
1170 1626 1322 1660 subtiles
1349 1627 1488 1671 aliquot
1508 1627 1631 1662 obser-

917 1672 1082 1706 vationes
1097 1683 1117 1705 a
1131 1672 1302 1706 Vahleno
1321 1672 1359 1704 ll.
1374 1673 1481 1706 modo
1496 1673 1533 1706 11.
1548 1684 1631 1717 pas-

917 1717 984 1750 sim
1004 1716 1204 1751 institutae.
1254 1717 1452 1751 Collationi
1472 1729 1557 1752 vero
1572 1729 1631 1752 co-

918 1762 1008 1796 dicis
1028 1762 1074 1798 ab
1101 1763 1229 1796 eodem
1250 1774 1282 1795 v.
1305 1763 1338 1795 d.
1365 1763 1556 1797 confectae
1582 1763 1634 1797 ibi

919 1819 1062 1852 quoque
1083 1806 1175 1841 fides
1200 1807 1371 1841 habenda
1397 1812 1468 1850 est,
1496 1808 1561 1842 ubi
1586 1809 1633 1842 ab

919 1865 975 1895 ea,
991 1864 1085 1897 quae.
1100 1852 1136 1885 in
1150 1852 1328 1897 Madvigii
1342 1864 1445 1886 usum
1466 1854 1634 1888 instituta

919 1902 991 1941 est,
1019 1898 1191 1940 discedit,
1225 1899 1310 1941 qnia
1335 1897 1423 1942 ipsis
1448 1898 1505 1932 his
1530 1899 1632 1942 locis,

920 1943 982 1987 qui
994 1943 1061 1977 tali
1076 1942 1295 1976 dubitationi
1311 1954 1436 1977 ansam
1451 1944 1537 1978 dare
1551 1955 1634 1988 pos-

920 1991 1011 2031 sent,
1028 1999 1108 2022 eam
1129 1988 1270 2030 iterum,
1292 1988 1502 2032 priusquam
1518 1990 1636 2024 adme

919 2034 1135 2075 mitteretur,
1163 2044 1245 2067 cum
1265 2033 1391 2067 codice
1412 2035 1566 2068 contulit
1584 2035 1638 2068 vir

922 2078 1236 2121 aecuratissimus3
1256 2079 1450 2124 perpaucis
1469 2079 1557 2113 locis
1572 2080 1636 2113 du—

920 2124 1050 2158 bitatio
1078 2123 1258 2167 quaedam
1288 2123 1377 2157 mihi
1402 2125 1576 2158 remansit
1599 2126 1637 2159 in

921 2169 1029 2203 rebus
1048 2172 1125 2202 tam
1144 2168 1286 2202 levibus
1305 2172 1449 2202 tantum
1468 2180 1540 2203 11011
1562 2181 1636 2203 om-

921 2214 1047 2257 nibus,
1073 2218 1114 2247 ut
1131 2214 1206 2247 viro
1227 2213 1488 2257 illustrissimo,
1511 2226 1636 2259 quam-

921 2260 974 2293 vis
995 2260 1042 2293 ad
1060 2259 1130 2293 hoe
1155 2269 1299 2303 quoque
1324 2270 1455 2292 munus
1480 2261 1637 2294 subeun-

923 2306 1009 2338 dum
1045 2304 1304 2338 humanissime
1341 2315 1421 2338 sese
1458 2305 1636 2349 offerenti,

923 2349 1058 2384 codicis
1072 2350 1203 2384 iterum
1218 2349 1433 2393 inspiciendi
1449 2350 1638 2395 negotium

923 2395 1119 2429 obtrudere
1145 2395 1333 2428 noluerim.
1394 2395 1638 2430 Collationem

924 2440 1197 2474 Vahlenianam
1233 2444 1309 2473 tam
1345 2438 1505 2474 fideliter
1538 2441 1639 2486 typis

924 2485 1204 2519 describendam
1213 2484 1337 2518 curavi
1347 2496 1455 2529 quam
1469 2486 1638 2530 peripso-

924 2541 1003 2563 rum
1021 2533 1192 2574 typorum
1211 2530 1373 2564 indolem
1388 2541 1430 2564 ac
1449 2542 1516 2574 per
1527 2530 1638 2575 spatii

959 2610 974 2632 9
1001 2608 1148 2632 Praeterea
1173 2610 1324 2634 nonnullas
1349 2610 1560 2634 emendationes
1581 2617 1637 2634 me-

926 2650 988 2666 eum
1009 2644 1229 2667 communicavit
1255 2645 1297 2668 vir
1317 2644 1507 2673 doctissimus,
1536 2644 1638 2674 quibus

926 2683 1035 2701 mecum
1049 2676 1169 2701 libenter
1182 2677 1309 2702 fruentur
1322 2678 1450 2702 lectores.
