1804 2926
216 150 271 188 22
536 159 687 192 Limia
713 159 900 203 XXXXI,
926 160 981 193 23.
1009 161 1249 204 [a.u.c.5so]

214 261 430 303 absentem
470 261 662 303 audimus
701 277 843 317 regem
881 271 942 313 et,
981 263 1015 303 si
1047 263 1110 304 dis
1148 264 1304 318 placet,
1343 265 1571 307 orationem

169 338 188 368 8
214 323 302 364 cius
328 324 569 378 probamus.
630 333 670 365 et
695 339 790 365 cum
815 325 928 367 ferae
954 325 1112 367 bestiae
1137 326 1277 366 cibum
1303 327 1357 367 ad
1381 328 1571 370 fraudem

215 401 334 426 suam
366 386 550 440 positum
581 386 828 440 plerumque
860 395 1134 442 aspernentur
1164 396 1204 429 ct
1234 388 1465 443 refugiant,
1496 405 1572 432 nos

217 447 330 488 caeci
372 447 509 502 specie
553 449 672 503 parvi
714 449 906 490 beneficii
948 450 1186 491 inescamur
1228 458 1269 491 et
1313 452 1571 493 servolorum

218 510 378 550 minimi
407 510 529 564 pretii
561 510 896 565 recipiendorum
922 527 995 567 spe
1020 521 1205 554 nostram
1234 513 1424 567 ipsorum
1448 514 1574 555 libcr-

172 589 189 615 υ
217 580 345 613 tatem
370 572 516 613 subrui
548 581 588 614 et
619 574 813 628 temptari
842 574 1036 628 patimur.
1097 575 1189 628 quis
1215 575 1326 616 cnim
1351 590 1436 616 non
1460 576 1574 618 videt

215 635 327 675 viam
351 635 492 690 regiae
517 635 725 677 societatis
751 637 908 690 quaeri,
935 651 1019 690 qua
1037 637 1276 678 Romanum
1301 638 1463 688 foedus,
1489 652 1573 692 quo

214 704 355 737 nostra
369 698 508 738 omnia
529 698 805 747 continentur,
831 699 1033 740 violetur?
1056 699 1136 740 nisi
1156 699 1235 740 hoc
1257 700 1431 740 dubium
1450 701 1573 742 alicui

215 767 288 806 est,
320 759 563 800 bellandum
594 760 796 802 Romanis
820 776 926 802 -cum
955 761 1114 802 Perseo
1145 776 1234 803 esse
1261 770 1301 803 et
1332 763 1447 815 quod
1477 763 1573 803 vivo

213 820 411 876 Philippo
451 830 736 876 expectatum,
774 831 906 864 morte
943 824 1031 864 cius
1068 824 1377 878 interpellatum
1413 833 1494 874 est,
1530 825 1572 866 id

152 897 189 925 10
213 890 307 936 post
339 892 517 925 mortem
541 884 728 938 Philippi
759 885 961 925 futurum.
1023 885 1147 934 duos,
1184 893 1231 925 ut
1257 886 1389 935 scitis,
1426 886 1573 928 habuit

216 945 320 985 filios
345 945 582 1000 Philippus,
607 946 874 988 Demetrium
900 955 939 988 et
964 947 1134 987 Persea.
1194 962 1348 1001 genere
1373 956 1573 998 materno,

214 1007 381 1055 virtute,
406 1007 597 1063 ingenio,
624 1008 768 1050 favore
793 1009 1081 1049 Macedonum
1105 1009 1230 1063 longe
1255 1010 1462 1063 praestitit
1485 1010 1575 1052 De-

150 1083 185 1111 11
214 1069 400 1110 mctrius.
473 1070 547 1111 sed
584 1070 683 1123 quia
718 1070 762 1111 in
798 1071 1012 1112 Romanos
1049 1071 1133 1112 odii
1164 1086 1342 1125 regnum
1378 1081 1573 1126 posuerat

216 1132 462 1186 praemium,
487 1132 752 1173 Demetrium
777 1134 892 1174 nullo
913 1133 994 1173 alio
1021 1133 1193 1174 crimine
1217 1148 1344 1187 quam
1356 1134 1573 1176 Romanae

216 1193 423 1235 amicitiae
456 1194 584 1235 initae
616 1195 785 1243 occidit,
822 1195 1000 1245 Persea,
1038 1210 1164 1249 quem
1194 1196 1351 1250 populo
1381 1196 1574 1238 Romano

214 1255 330 1309 prius
366 1270 500 1310 paene
539 1255 724 1311 [bellum
759 1255 1014 1312 inlaturum]
1052 1272 1180 1311 quam
1221 1258 1341 1312 regni
1376 1257 1574 1300 heredem

151 1331 189 1360 12
215 1318 404 1358 futurum
430 1319 602 1368 sciebat,
627 1334 771 1373 regem
795 1319 907 1360 fecit.
962 1319 1103 1372 itaque
1128 1319 1230 1372 quid
1254 1320 1321 1360 hic
1346 1328 1440 1374 post>
1463 1335 1574 1361 mor-

217 1388 300 1421 tem
331 1381 460 1435 patris
494 1381 580 1436 egit
610 1381 725 1421 aliud
756 1394 884 1434 quam
922 1381 1078 1423 bellum
1113 1382 1302 1436 paravit?
1343 1383 1572 1424 Bastarnas

214 1442 396 1496 primum
416 1443 470 1483 ad
488 1452 688 1484 terrorem
713 1444 898 1483 omnium
919 1442 1002 1498 [in]
1017 1444 1279 1484 Dardaniam
1298 1444 1474 1494 inmisit3
1500 1446 1572 1499 qui

215 1503 251 1544 si
282 1504 426 1544 sedem
457 1519 550 1545 eam
575 1505 825 1553 tenuissent,
857 1505 1071 1559 graviores
1097 1520 1168 1546 eos
1200 1506 1363 1547 accolas
1390 1505 1573 1548 Graecia

150 1578 189 1608 13
214 1566 431 1608 habuisset
462 1581 589 1620 quam
613 1567 720 1608 Asia
746 1566 895 1608 Gallos
928 1568 1122 1609 habebat.
1183 1584 1232 1610 ea
1266 1584 1338 1623 spe
1371 1570 1571 1624 depulsus

215 1643 299 1669 non
329 1636 469 1670 tamen
502 1630 601 1670 belli
626 1630 798 1671 consilia
823 1630 979 1679 omisit3
1005 1631 1153 1678 11111110,
1185 1631 1220 1671 si
1250 1646 1347 1672 vere
1377 1633 1572 1673 volumus

216 1691 373 1739 dicere,
404 1691 488 1731 iam
520 1691 730 1733 inchoavit
763 1692 933 1733 bellum.
992 1693 1222 1747 Dolopiam
1249 1694 1374 1735 armis
1407 1695 1573 1749 subegit

215 1767 293 1794 1100
317 1754 583 1808 provocantis
609 1754 660 1796 de
686 1757 962 1796 controversis
987 1756 1041 1796 ad
1060 1756 1403 1810 disceptationem
1427 1758 1572 1812 populi

215 1815 396 1856 Romani
421 1816 599 1865 audivit3
631 1816 728 1858 inde
755 1826 1038 1871 transgressus
1065 1816 1238 1866 Oetam,
1264 1826 1309 1858 ut
1334 1827 1505 1873 repente
1529 1819 1572 1860 in

216 1878 352 1919 medio
372 1879 569 1920 umbilico
585 1878 791 1921 Graeciae
814 1879 1135 1934 conspiceretur,
1160 1880 1353 1935 Delphos
1373 1881 1570 1922 escendit.

150 1952 190 1982 14
215 1939 319 1981 haec
343 1942 559 1996 usurpatio
578 1942 737 1983 itineris
762 1941 915 1982 insoliti
935 1956 1017 1995 quo
1035 1942 1154 1982 vobis
1177 1951 1364 1996 spectare
1383 1943 1572 1984 videtur?

215 2002 478 2044 Thessaliam
510 2004 659 2046 deinde
694 2004 955 2059 peragravit3
992 2004 1107 2057 quod
1142 2005 1230 2046 sine
1266 2005 1391 2046 ullius
1428 2020 1572 2047 eorum

151 2077 190 2106 15
217 2080 321 2119 quos
347 2066 492 2107 oderat
515 2067 655 2116 noxia,
681 2066 760 2107 1100
784 2067 919 2121 magis
944 2067 1260 2121 temptationem
1284 2074 1438 2108 metuo.
1475 2068 1572 2109 inde

214 2129 372 2170 litteras
397 2129 450 2170 ad
481 2144 557 2171 nos
582 2145 678 2171 cum
702 2130 886 2171 muneris
912 2129 1049 2184 specie
1074 2130 1205 2179 misit,
1237 2137 1275 2171 et
1301 2131 1485 2185 cogitare
1507 2131 1573 2171 in-

217 2192 300 2240 bet,
337 2207 420 2245 quo
457 2193 581 2234 modo
611 2193 655 2233 in
690 2193 894 2234 relicuum
924 2193 1003 2233 hoc
1041 2208 1213 2234 munere
1243 2207 1327 2233 non
1358 2208 1571 2247 egeamus,

216 2253 295 2295 hoc
320 2263 382 2295 est
407 2262 454 2295 ut
478 2255 704 2304 decretum,
730 2269 814 2308 quo
841 2262 1035 2296 arcentur
1058 2255 1351 2309 Peloponneso
1369 2255 1572 2296 Macedo-

153 2324 191 2352 16
214 2330 304 2364 nes,
329 2317 541 2366 tollamus3
567 2333 710 2358 rursus
735 2318 895 2372 legatos
916 2317 1054 2371 regios
1076 2324 1116 2358 ct
1140 2317 1320 2371 hospitia
1339 2331 1435 2358 cum
1459 2317 1572 2372 prin-

213 2378 379 2431 cipibus
410 2387 451 2419 et.
480 2394 578 2419 mox
609 2379 895 2420 Macedonum
927 2380 1153 2428 exercitus,
1192 2379 1330 2434 ipsum
1355 2393 1522 2432 quoque
1548 2395 1573 2420 a

218 2440 396 2494 Delphis
420 2464 476 2469 —
500 2450 703 2494 quantum
736 2443 847 2483 enim
870 2443 1070 2484 interfluit
1098 2442 1278 2484 fretum?
1302 2467 1358 2472 ——
1381 2443 1573 2484 traicien-

218 2512 302 2543 tem
326 2502 368 2542 in
388 2502 728 2556 Peloponnesum
754 2504 984 2553 videamus,
1010 2505 1304 2546 inmisceamur
1323 2505 1571 2547 Macedoni-

155 2573 192 2600 17
219 2565 296 2605 bus
329 2564 586 2605 armantibus
625 2580 668 2605 se
700 2565 900 2606 adversus
932 2567 1160 2607 Romanos.
1220 2582 1299 2621 ego
1336 2567 1437 2607 nihil
1472 2565 1571 2607 novi

220 2642 368 2683 censeo
400 2626 707 2668 decernendum
739 2627 1026 2681 servandaque
1057 2629 1197 2670 onmia
1225 2629 1406 2684 integra,
1438 2628 1568 2669 donec
