1804 2926
267 135 344 175 114
540 144 691 177 LIBER
717 145 964 188 XXXXlIlI,
994 145 1023 178 7.
1043 145 1075 177 8.
1103 148 1153 185 [a.
1169 156 1202 178 11,
1218 156 1247 179 0.
1263 146 1346 187 585]

259 248 418 288 animos
444 247 523 287 sibi
543 247 794 295 conciliaret,
821 247 1034 302 opsidibus
1057 255 1275 288 contentus
1295 248 1383 289 sinc
1409 249 1616 303 praesidio

258 310 492 362 relinquere
519 323 562 349 sc
587 310 622 348 is
647 309 794 350 urbem
819 309 1096 362 inmunesque
1122 324 1169 350 ac
1191 309 1276 350 suis
1301 310 1465 365 legibus
1484 310 1617 351 victu-

214 385 231 414 6
258 386 325 411 ros
351 378 411 411 est
437 369 661 425 pollicitus.
698 385 943 425 progressus
968 371 1065 412 inde
1092 371 1172 412 diei
1197 372 1275 413 iter
1300 372 1351 412 ad
1377 373 1616 414 Ascordum

258 433 413 473 flumen
445 431 585 486 posuit
617 439 772 481 castra,
810 440 848 473 et
881 440 1084 486 quantum
1118 433 1362 488 procederet
1393 434 1559 488 longius
1593 450 1618 474 a

258 493 496 542 Thessalia,
528 508 577 534 eo
602 493 803 534 maiorem
834 509 973 535 rerum
999 496 1185 535 omnium
1215 495 1400 550 inopiam
1434 496 1616 537 sentiens

214 570 229 598 7
257 571 472 610 regressus
492 555 546 596 ad
559 555 692 595 Dium
714 562 776 596 cst
796 555 1052 598 dubitatione
1067 557 1259 598 omnibus
1283 565 1490 612 exempta,
1516 558 1617 610 quid

257 618 481 658 intercluso
502 617 554 657 ab
578 617 798 658 Thessalia
816 617 1060 672 patiendum
1081 619 1241 668 fuisset,
1268 619 1334 660 cui
1355 620 1500 673 procul
1521 619 1616 659 inde

213 693 232 722 8
259 679 484 720 abscedere
521 686 659 719 tutum
696 693 779 719 non
816 687 937 720 esset.
998 680 1180 722 Perseus
1217 681 1369 721 coactis
1406 681 1449 721 111
1485 696 1614 721 unum

257 741 451 781 omnibus
483 741 612 795 copiis
648 740 911 794 ducibusque
948 742 1162 796 increpare
1194 743 1429 797 praefectos
1460 742 1617 796 praesi-

214 815 232 844 9
259 802 444 851 diorum,
481 810 577 844 ante
603 817 747 844 omnes
772 804 1118 858 Asclepiodotum
1151 812 1276 857 atque
1303 805 1524 859 Ilippia1n3
1563 805 1616 844 ab

256 863 320 903 his
340 863 476 905 dicere
497 864 677 905 claustra
688 865 966 906 BIacedoniae
986 866 1136 906 tradita
1151 866 1351 906 Romanis
1372 882 1475 915 csse,
1496 867 1615 907 cuius

193 938 231 967 10
257 925 404 979 culpae
448 941 544 966 reus
582 940 706 966 nemo
741 926 890 966 iustius
928 941 1054 979 quam
1098 927 1187 981 ipse
1225 927 1385 968 fuisset.
1457 928 1616 968 consuli

256 994 479 1040 postquam
505 1002 556 1027 ex
582 987 665 1026 alto
692 994 915 1041 conspecta
940 988 1083 1028 classis
1117 1003 1234 1042 spem
1260 988 1357 1029 fecit
1384 1003 1479 1029 cum
1505 1003 1617 1030 eom-

257 1055 398 1088 meatu
428 1063 556 1090 naves
594 1049 736 1089 venire
761 1050 989 1103 —ingens
1022 1049 1133 1090 enim
1164 1050 1313 1091 caritas
1346 1066 1536 1092 annonae
1568 1066 1617 1091 ac

256 1125 385 1164 prope
410 1110 551 1164 inopia
577 1117 664 1151 erat
688 1135 744 1139 —
770 1111 823 1152 ab
855 1112 1029 1153 invectis
1062 1112 1144 1153 iam
1178 1124 1344 1167 portum
1379 1113 1494 1154 audit
1519 1128 1617 1154 one-

193 1186 228 1213 11
256 1172 385 1213 rarias
411 1188 539 1213 naves
564 1173 814 1227 Magnesiae
838 1174 1002 1215 relictas
1029 1189 1133 1215 0550.
1193 1175 1350 1215 incerto
1375 1175 1470 1216 inde
1496 1175 1618 1229 quid-

257 1249 354 1274 nam
391 1234 604 1288 agendum
639 1235 746 1276 foret
770 1259 827 1264 ——
852 1235 957 1277 adeo
994 1236 1082 1278 51110
1119 1236 1204 1277 ulla
1235 1252 1313 1291 ope
1343 1237 1472 1278 hostis
1509 1252 1616 1291 quae

258 1296 521 1350 adgravaret,
547 1311 645 1337 cum
669 1296 760 1351 ipsa
786 1297 1032 1339 difficultate
1062 1313 1202 1339 rerum
1227 1299 1503 1353 pugnandum
1530 1308 1616 1339 erat

194 1370 232 1399 12
257 1382 313 1385 —
348 1366 659 1412 peropportune
695 1360 856 1401 litterae
894 1376 918 1400 a
957 1359 1030 1415 Sp.
1069 1360 1269 1401 Lucretio
1306 1362 1470 1402 adlatae
1508 1369 1615 1408 sunt,

259 1420 429 1460 castella
465 1435 530 1468 50,
568 1434 675 1473 quae
708 1436 834 1475 super
866 1421 1026 1476 Tempe
1065 1429 1203 1463 essent
1239 1430 1280 1463 et
1311 1423 1419 1463 circa
1448 1423 1615 1470 Philan,

258 1487 398 1522 tenere
419 1482 557 1522 omnia
581 1483 862 1535 frumentique
884 1484 925 1523 in
944 1484 993 1524 iis
1016 1491 1054 1524 et
1076 1484 1252 1524 aliarum
1270 1484 1313 1524 111
1334 1500 1457 1525 11511111
1476 1500 1614 1525 rerum

259 1543 424 1597 copiam
447 1543 670 1585 invenisse.

218 1617 231 1645 1
345 1604 469 1646 VIII.
508 1605 589 1646 His
614 1620 869 1660 magnopere
894 1607 1028 1647 laetus
1049 1607 1192 1647 consul
1220 1607 1272 1647 ab
1288 1606 1371 1647 Dio
1392 1607 1445 1647 ad
1463 1607 1615 1647 Philan

261 1665 394 1714 ducit,
426 1666 550 1706 simul
581 1674 627 1707 ut
651 1668 906 1721 praesidium
932 1668 1020 1709 eius
1044 1669 1247 1717 firmaret,
1280 1669 1402 1709 simul
1426 1676 1471 1709 ut
1498 1669 1615 1710 militi

215 1740 232 1769 2
259 1728 529 1776 frumentum,
556 1729 674 1769 cuius
696 1729 814 1770 tarda
835 1730 1051 1771 subvectio
1073 1738 1174 1779 erat,
1200 1730 1415 1771 divideret.
1448 1745 1496 1771 ea
1520 1746 1616 1785 pro-

259 1789 383 1830 fectio
409 1790 566 1830 famam
596 1790 925 1844 haudquaquam
951 1792 1177 1833 secundam
1203 1792 1362 1833 habuit.
1423 1808 1521 1833 nam
1547 1793 1615 1833 alii

259 1858 373 1891 metu
398 1852 618 1893 recessisse
651 1868 747 1894 eum
773 1853 825 1894 ab
852 1853 969 1894 hoste
994 1853 1205 1900 ferebant,
1238 1854 1338 1907 quia
1362 1854 1548 1894 manenti
1572 1854 1614 1894 in

216 1926 234 1953 3
259 1912 400 1953 Pieria
424 1913 580 1967 proelio
602 1914 885 1955 dimicandum
910 1915 1030 1963 foret,
1058 1915 1126 1956 alii
1151 1916 1359 1969 ignarum,
1384 1916 1483 1956 belli
1507 1930 1615 1969 quae

260 1974 303 2014 in
329 1974 416 2015 dies
441 1975 609 2016 fortuna
633 1984 820 2025 novaret,
845 1984 890 2017 ut
911 1977 1224 2031 opperientibus
1250 1992 1339 2018 sese
1364 1977 1489 2018 rebus
1515 1978 1617 2018 01111-

215 2049 235 2077 4
261 2036 363 2076 51550
385 2036 436 2077 de
455 2037 649 2078 manibus
671 2053 733 2088 ea,
760 2052 867 2092 quae
894 2053 991 2079 mox
1016 2039 1148 2093 repeti
1167 2054 1250 2079 non
1274 2047 1456 2093 possent.
1494 2039 1616 2080 simul

261 2098 371 2138 0111111
408 2098 532 2139 cessit
563 2100 826 2153 possessione
857 2099 952 2149 Dii,
990 2101 1185 2142 excitavit
1216 2100 1398 2149 hostem,
1435 2108 1482 2141 ut
1517 2109 1616 2141 tunc

261 2160 430 2201 tandem
450 2161 621 2202 sentiret
639 2162 925 2217 recuperanda
939 2177 1029 2204 0550
1050 2177 1157 2216 quae
1176 2162 1290 2217 prius
1305 2160 1477 2217 [ipsius]
1492 2162 1616 2216 culpa

218 2235 237 2263 5
263 2221 416 2262 amissa
440 2222 589 2263 forent.
627 2223 770 2265 audita
790 2224 900 2265 enim
924 2224 1181 2278 profectione
1201 2224 1382 2264 consulis
1401 2238 1616 2278 regressus

261 2281 407 2331 Dium,
433 2297 540 2336 quae
566 2284 739 2327 disiecta
764 2300 812 2327 ae
837 2294 1000 2327 vastata
1025 2286 1078 2326 ab
1092 2286 1294 2327 Romanis
1315 2292 1445 2335 erant,
1470 2285 1614 2326 reficit.

249 2345 410 2402 „pinnas
434 2346 647 2387 moenium
679 2347 876 2390 decussas
900 2348 1082 2403 reponit,
1119 2348 1172 2389 ab
1198 2347 1311 2388 omni
1334 2354 1451 2402 parte
1476 2362 1616 2388 muros

263 2406 413 2454 firmat,
440 2407 589 2449 deinde
615 2409 798 2463 quinque
822 2411 937 2451 milia
960 2414 1130 2465 passum
1156 2411 1208 2451 ab
1233 2410 1337 2451 urbe
1359 2410 1460 2451 eitra
1483 2409 1616 2464 ripam

264 2466 389 2520 Elpei
414 2468 546 2508 amnis
572 2478 707 2511 castra
738 2473 871 2525 ponit,
904 2487 1069 2513 amnem
1094 2473 1232 2527 ipsum
1260 2472 1437 2513 transitu
1460 2470 1617 2526 perdif-

221 2541 238 2569 6
265 2528 415 2568 ficilem
440 2543 516 2582 pro
540 2530 797 2572 munimento
823 2533 1054 2574 habiturus.
1116 2534 1206 2574 fluit
1231 2549 1283 2574 ex
1307 2533 1414 2574 valle
1441 2531 1615 2586 Olympi

265 2590 435 2638 montis,
473 2598 630 2632 aestate
655 2593 853 2647 exiguUS,
890 2594 1073 2635 hibernis
1100 2595 1209 2636 idem
1239 2594 1435 2635 incitatus
1464 2593 1615 2647 pluviis
