1804 2926
239 148 292 190 72
511 157 663 192 Lusi-21<
687 158 895 202 xxxxn,
921 158 976 193 52.
996 159 1052 193 33.
1080 160 1127 202 [a.
1143 169 1177 192 u.
1192 169 1222 193 e.
1237 158 1318 203 583]

235 261 549 316 conparandum
575 261 796 311 haberent3
823 263 1035 304 consulem
1062 276 1174 303 nunc
1198 262 1340 305 venire
1366 277 1462 304 cum
1489 264 1591 306 dua·-

235 324 313 364 bus
338 324 573 378 legionibus
599 324 815 373 Romanis,
841 340 947 378 quae
974 324 1185 380 [singulae
1211 341 1312 366 sena
1335 325 1450 367 milia
1473 327 1590 382 pedi-

234 385 365 442 tum]‚
401 396 590 429 trecenos
622 388 783 441 equites
819 387 1022 437 habeant,
1061 397 1101 429 et
1133 389 1223 443 pari
1254 388 1386 430 ferme
1416 404 1590 431 numero

190 462 207 491 9
235 450 442 490 sociorum
476 449 665 504 peditum
703 450 994 504 equitumque3
1039 466 1088 492 eo
1125 460 1171 491 ut
1208 451 1407 492 accedant
1442 466 1590 506 regum

233 511 389 553 auxilia
406 511 610 553 Eumenis
635 519 676 553 et
694 512 960 562 Masinissae,
986 528 1070 554 non
1095 514 1188 568 plus
1215 512 1401 568 [viginti]
1430 522 1589 568 septem

169 586 208 616 10
233 573 348 615 milia
372 574 579 629 peditum,
605 574 689 615 duo
710 574 897 628 equitum
922 575 1077 616 futura.
1138 575 1289 616 auditis
1314 575 1496 616 hostium
1522 589 1591 616 eo-

231 635 311 691 piis
341 636 595 690 respicerent
626 651 749 677 suum
781 636 861 691 ipsi
887 637 1135 686 exercitum,
1172 645 1375 690 quantum
1400 652 1589 685 numero,

233 707 437 751 quantum
462 714 615 753 genere
640 699 821 740 militum
845 708 1106 754 praestarent
1130 700 1334 741 tironibus
1359 700 1510 755 raptim
1537 700 1590 740 ad

231 761 275 802 id
299 761 455 802 bellum
478 761 721 816 conscriptis
746 761 826 816 ipsi
845 777 869 802 a
890 762 1031 816 pueris
1057 762 1206 803 eruditi
1227 762 1385 803 artibus
1404 762 1589 810 militiae,

166 835 204 864 11
231 830 293 863 tot
317 823 480 864 subacti
511 830 635 876 atque
668 823 807 863 durati
838 823 972 864 bellis.
1034 823 1190 864 auxilia
1214 823 1416 864 Romanis
1440 824 1588 878 Lydos

231 892 272 925 et
306 884 502 939 Phrygas
539 892 580 926 et
610 885 816 925 Numidas
854 900 964 932 esse,
1003 885 1082 925 sibi
1118 884 1304 925 Thracas
1344 884 1588 939 Gallosque,

230 946 509 986 ferocissimas
541 947 744 1000 gentium.
805 961 921 987 arma
950 947 1043 987 illos
1074 946 1229 987 habere
1262 961 1331 996 ea,
1369 960 1478 1000 quae
1509 947 1589 988 sibi

230 1007 407 1061 quisque
437 1008 647 1062 paraverit
671 1023 832 1062 pauper
856 1009 993 1058 miles,
1026 1008 1286 1049 Macedonas
1318 1018 1511 1063 prompta
1537 1024 1589 1050 ex

229 1070 345 1125 regio
371 1078 596 1125 apparatu,
629 1085 705 1125 per
735 1078 793 1111 tot
820 1085 949 1111 annos
981 1070 1110 1125 patris
1136 1071 1201 1111 sui
1225 1085 1326 1112 cura
1350 1078 1391 1112 et
1415 1071 1590 1125 inpensa

164 1145 204 1174 12
229 1132 353 1173 facta.
415 1141 695 1174 commeatum
730 1132 810 1174 illis
847 1147 943 1173 cum
978 1133 1138 1187 procul,
1162 1140 1252 1173 tum
1284 1133 1478 1173 omnibus
1510 1133 1589 1174 sub

230 1194 396 1235 casibus
433 1194 651 1235 maritimis
688 1194 797 1244 fore3
834 1210 878 1236 se
910 1203 950 1236 et
986 1195 1209 1249 pecuniam
1241 1202 1281 1236 et
1317 1194 1589 1242 frumentum,

229 1264 394 1311 praeter
424 1257 582 1298 reditus
615 1257 899 1305 metallorum,
930 1257 973 1298 in
1006 1257 1151 1298 decem
1177 1271 1307 1298 annos
1339 1257 1587 1311 seposuisse.

165 1332 203 1360 13
231 1319 390 1367 omnia,
426 1334 534 1374 quae
560 1320 733 1361 deorum
758 1320 1039 1374 indulgentia,
1072 1334 1179 1373 quae
1203 1320 1320 1374 regia
1345 1334 1445 1360 cura
1467 1334 1589 1374 prac-

230 1382 418 1436 paranda
450 1382 626 1431 fuerint,
662 1383 787 1437 plena
813 1383 1109 1435 cumulataque
1135 1382 1289 1423 habere
1314 1381 1587 1423 BIacedonas.

166 1456 205 1484 14
231 1443 417 1484 animum
442 1443 683 1485 habendum
709 1459 800 1485 esse
826 1459 952 1498 quem
976 1444 1201 1485 habuerint
1225 1443 1402 1484 maiores
1429 1458 1587 1492 eorum,

231 1506 302 1559 qui
333 1505 507 1560 Europa
538 1507 650 1547 0111111
682 1507 839 1547 domita
869 1507 1118 1561 transgressi
1149 1506 1192 1546 in
1224 1506 1375 1546 Asiam
1399 1505 1588 1559 incogni-

229 1576 318 1609 tum
349 1569 486 1610 famae
524 1570 761 1623 aperuerint
798 1569 922 1610 armis
955 1569 1098 1610 orbem
1135 1576 1339 1609 terrarum
1375 1582 1453 1608 nec
1491 1576 1587 1609 ante

229 1631 395 1672 vincere
417 1631 613 1672 desierint.
632 1646 757 1685 quam
779 1632 904 1672 rubro
924 1632 1028 1671 mari
1048 1631 1218 1671 inclusis
1239 1629 1352 1684 quod
1374 1629 1588 1670 vincerent

165 1704 202 1733 15
230 1693 422 1734 defuerit.
483 1702 523 1734 at
554 1693 722 1735 hercule
754 1708 865 1734 nunc
897 1692 1020 1748 [non]
1056 1693 1106 1734 dc
1138 1692 1292 1733 ultimis
1318 1691 1463 1732 Indiae
1489 1692 1585 1741 oris,

230 1756 303 1796 sed
340 1755 391 1796 de
427 1755 557 1810 ipsius
594 1756 872 1797 Macedoniae
907 1755 1169 1809 possessione
1207 1763 1417 1795 certamen
1453 1753 1585 1794 fortu-

229 1833 326 1857 nam
347 1817 558 1858 indixisse.
619 1830 715 1858 cum
740 1825 857 1872 patre
883 1832 957 1858 suo
983 1817 1166 1871 gerentis
1197 1817 1353 1858 bellum
1374 1816 1587 1857 Romanos

166 1891 203 1919 145
231 1880 465 1934 speciosum
509 1879 715 1921 Graeciae
763 1879 1005 1921 liberandae
1054 1880 1198 1920 tulisse
1245 1879 1432 1929 titululn3
1475 1893 1587 1920 nunc

229 1942 446 1996 propalam
488 1942 787 1983 BIacedoniam
830 1941 874 1983 in
917 1941 1160 1983 servitutem
1204 1951 1364 1995 petere,
1412 1957 1464 1983 ne
1512 1957 1587 1982 rex

229 2003 391 2044 vicinus
422 2004 594 2058 imperio
621 2004 673 2044 sit.
696 2004 909 2053 Romano,
941 2019 993 2044 ne
1025 2019 1129 2058 gens
1162 2003 1271 2044 bello
1295 2004 1446 2045 nobilis
1471 2019 1588 2045 arma

229 2065 394 2106 habeat.
443 2067 547 2107 haec
572 2066 682 2108 enim
713 2066 916 2107 tradenda
948 2066 1138 2120 superbis
1172 2065 1349 2107 dominis
1375 2081 1465 2107 esse
1492 2080 1587 2107 cum

229 2143 328 2182 rege
362 2143 597 2183 regnoque,
636 2127 712 2184 [si]
750 2128 949 2170 absistere
987 2128 1095 2169 bello
1133 2135 1173 2169 et
1208 2128 1347 2170 facere
1384 2128 1589 2183 imperata

229 2190 371 2231 velint.

190 2264 204 2292 1
316 2252 441 2293 LIH.
480 2251 591 2293 Cum
616 2268 691 2308 per
715 2267 883 2294 omnem
901 2253 1131 2293 orationem
1157 2253 1255 2294 satis
1281 2252 1490 2306 frequenti
1515 2252 1589 2293 ad-

232 2329 358 2354 sensu
384 2315 685 2356 succlamatum
711 2323 840 2364 esset,
877 2322 966 2356 tum
998 2329 1096 2356 vero
1123 2330 1172 2356 ea
1195 2314 1439 2355 vociferatio
1465 2313 1588 2355 simul

230 2375 540 2428 indignantium
573 2377 958 2430 minitantimnque‚
994 2376 1147 2431 partim
1170 2377 1406 2418 iubentium
1430 2376 1588 2417 bonum

233 2436 418 2476 animum
443 2437 598 2478 habere
618 2453 775 2492 regem,
801 2447 945 2480 exorta
966 2446 1040 2487 est,
1066 2450 1112 2479 ut.
1136 2438 1263 2479 finem
1289 2437 1453 2479 dicendi
1477 2438 1589 2479 face-

190 2512 208 2540 2
234 2505 309 2546 ret,
335 2506 498 2538 tantum
529 2498 650 2539 iussis
683 2500 736 2539 ad
766 2500 844 2540 iter
868 2515 1033 2553 parare:
1068 2500 1150 2540 iam
1177 2501 1288 2541 enim
1313 2500 1394 2540 dici
1419 2513 1587 2540 movere

234 2567 370 2600 castra
401 2560 454 2600 ab
485 2560 735 2613 Nymphaeo
760 2561 987 2602 Romanos.
1051 2560 1282 2615 [contione]
1315 2561 1502 2608 dimissa,
1535 2560 1586 2600 ad

235 2621 463 2662 audiendas
493 2621 723 2676 legationes
755 2622 984 2662 eivitatium
1015 2623 1291 2664 Macedoniae
1326 2638 1368 2663 se
1401 2621 1585 2662 contulit.
