1804 2926
480 154 631 188 LIBER
656 151 901 195 XXXXIIII,
928 151 982 185 32.
1001 151 1054 185 33.
1085 150 1285 196 [a.C.168]
1480 142 1557 182 137

210 275 258 302 ac
277 260 402 300 fratre
417 258 574 310 alisque
594 254 851 310 principibus
866 254 1116 309 Illyriorum.
1154 255 1232 295 1100
1251 270 1383 295 unum
1403 254 1559 295 bellum

209 322 323 376 prius
347 326 631 375 perpetratum
657 332 783 371 quam
809 324 1003 371 coeptum
1027 316 1186 358 Romae
1212 317 1401 358 auditum
1427 324 1500 358 est.

293 381 460 434 Quibus
498 380 644 421 diebus
676 380 780 420 haec
813 379 1065 433 agebantur,
1103 379 1283 421 Perseus
1315 394 1480 433 quoque
1516 379 1559 419 in

206 459 361 500 magno
387 452 542 484 terrore
568 448 656 483 erat
686 449 856 496 propter
881 439 1108 482 adventum
1134 442 1256 482 simul
1281 442 1436 482 Aemili
1461 441 1559 482 novi

208 506 402 555 consulis,
428 519 554 559 quem
574 519 670 546 cum
694 503 935 558 ingentibus
960 503 1082 544 minis
1102 504 1326 545 adventare
1347 504 1557 552 audiebat,

207 569 329 609 simul
355 566 510 608 Octavi
534 566 749 622 praetoris.
809 581 887 606 1100
913 565 1048 606 111111115
1080 566 1247 607 terroris
1273 582 1297 606 a
1322 566 1453 606 classe
1473 565 1558 606 Ro-

206 645 330 671 mana
351 637 391 671 et
414 629 599 684 periculo
619 628 867 669 maritumae
889 643 984 668 orae
1004 628 1198 669 habebat.
1235 627 1558 669 Thessalonicae

206 692 418 733 Eumenes
445 698 483 732 et
510 691 806 745 Athenagoras
832 698 1051 745 praeerant
1076 705 1170 730 cum
1196 705 1326 744 parvo
1351 690 1558 744 praesidio

206 754 383 795 duorum
408 753 568 793 milium
596 760 859 794 cetratorum.
898 768 946 793 eo
973 760 1013 793 et.
1036 753 1279 793 Androclen
1299 752 1559 807 praefectum

204 816 343 865 mittit,
368 816 528 856 iussum
554 815 632 855 sub
657 815 757 869 ipsis
778 815 997 855 navalibus
1018 822 1152 855 castra
1176 814 1342 856 habere.
1380 814 1559 855 Aenean

203 879 315 919 mille
342 878 502 931 equites
530 875 666 932 [cum]
696 875 877 918 Creonte
899 877 1180 932 Antigonensi
1205 877 1317 917 misit
1342 877 1395 917 ad
1420 884 1559 917 tutan-

204 941 301 982 dam
324 940 592 981 maritumam
619 955 755 988 oram,
782 947 828 980 ut
853 954 1118 993 quocumque
1144 940 1281 981 littore
1307 939 1556 994 adplicuisse

202 1018 330 1044 naves
345 1002 525 1043 hostium
541 1002 767 1051 audissent,
782 1003 990 1057 extemplo
1004 1002 1157 1043 ferrent
1172 1002 1406 1057 agrestibus
1421 1016 1555 1056 opem.

203 1065 387 1119 quinque
412 1064 525 1104 milia
540 1064 821 1105 Macedonum
846 1064 973 1105 missa
998 1064 1051 1104 ad
1075 1064 1329 1118 praesidium
1350 1063 1493 1118 Pythii
1518 1072 1557 1104 et

202 1128 374 1175 Petrae,
411 1126 562 1180 quibus
594 1126 820 1181 praepositi
852 1134 969 1167 erant
994 1126 1209 1167 Histiaeus
1242 1134 1283 1167 et
1307 1126 1556 1180 Theogenes

203 1198 241 1230 et
268 1190 431 1230 Midon.
469 1189 532 1230 his
557 1189 754 1243 profectis
780 1189 916 1243 ripam
940 1189 1103 1230 munire
1129 1188 1252 1243 Elpei
1276 1189 1458 1230 fluminis
1484 1188 1557 1229 ad-

200 1267 369 1307 gressus
403 1258 482 1299 est,
521 1251 620 1303 quia
650 1251 758 1291 sicco
791 1251 910 1292 alveo
942 1251 1108 1292 transiri
1144 1258 1321 1305 poterat.
1382 1251 1478 1292 huic
1510 1258 1557 1291 ut

201 1314 333 1354 omnis
359 1313 582 1353 multitudo
608 1320 793 1361 vacaret,
826 1312 1006 1353 feminae
1034 1328 1086 1353 ex
1111 1313 1355 1367 propinquis
1381 1313 1556 1354 urbibus

201 1384 319 1417 cocta
349 1375 504 1416 cibaria
533 1375 576 1415 in
606 1383 741 1416 castra
766 1375 1030 1416 adferebant:
1063 1376 1181 1417 miles
1212 1376 1350 1417 iussus
1376 1391 1427 1417 ex
1461 1392 1556 1431 pro-

200 1438 367 1493 pinquis
393 1437 505 1478 silvis
530 1437 711 1492 benigne
737 1436 768 1492 [.
784 1469 793 1478 .
810 1436 841 1492 .]

284 1499 512 1540 XXXIII.
547 1497 658 1554 [....]
676 1499 878 1548 conferre,
903 1507 1113 1555 postremo
1135 1500 1253 1555 sequi
1274 1516 1318 1543 se
1343 1500 1554 1556 putearios

199 1562 254 1603 ad
277 1577 404 1611 mare,
430 1561 543 1615 quod
568 1562 704 1602 minus
725 1569 930 1603 trecentos
951 1578 1100 1617 passus
1121 1564 1278 1613 aberat,
1304 1564 1423 1604 iussit
1449 1571 1487 1605 et
1513 1563 1557 1604 in

198 1625 318 1666 litore
350 1624 451 1666 alios
485 1624 584 1665 alibi
615 1624 790 1665 modicis
821 1625 1051 1666 intervallis
1083 1625 1240 1667 fodere.
1300 1634 1463 1668 montes
1494 1626 1557 1666 111-

198 1687 335 1741 gentis
366 1686 595 1728 altitudinis
625 1702 745 1741 spem
776 1686 1007 1737 faciebant,
1045 1702 1094 1729 eo
1126 1688 1260 1743 magis
1292 1688 1391 1742 quia
1419 1689 1556 1729 nullos

199 1756 363 1803 apertos
378 1757 592 1804 egererent
612 1750 736 1799 rivos,
763 1750 947 1791 occultos
964 1750 1174 1792 continere
1193 1751 1351 1801 latices,
1377 1766 1556 1805 quorum

198 1825 330 1852 venae
354 1811 397 1851 in
421 1826 535 1853 mare
567 1819 861 1866 permanantes
886 1813 1025 1854 undae
1055 1813 1340 1854 miscerentur.
1388 1814 1460 1855 vix
1485 1814 1556 1855 de-

201 1873 327 1913 ducta
340 1888 502 1914 summa
521 1873 677 1915 harena
691 1882 790 1923 erat,
812 1889 907 1915 cum
922 1875 1195 1930 scaturigines
1210 1876 1402 1917 turbidae
1421 1876 1555 1930 primo

199 1942 240 1975 et
256 1941 401 1975 tenues
416 1935 606 1983 emicare,
616 1935 711 1976 dein
724 1936 926 1989 liquidam
939 1938 1196 1990 multamque
1210 1937 1385 1978 fundere
1400 1953 1555 1991 aquam

199 1997 311 2037 velut
344 1997 468 2038 deum
494 1997 603 2037 dono
630 2005 868 2051 coeperunt.
929 1998 1191 2051 aliquantum
1216 2014 1266 2040 ea
1291 2014 1458 2052 quoque
1489 2015 1554 2040 res

1584 579 1602 607 6

1585 765 1601 793 *ἃ

1586 1203 1624 1231 io

1584 1265 1621 1293 11

1583 1637 1600 1666 ΙΨ

200 2058 296 2099 (11101
322 2058 459 2100 famae
485 2066 523 2100 et
550 2059 806 2100 auctoritatis
832 2067 933 2114 aput
956 2061 1108 2101 milites
1134 2061 1296 2101 adiecit.
1334 2061 1457 2101 iussis
1484 2061 1556 2102 de·
1583 2111 1585 2113 ι

198 2120 296 2161 inde
316 2121 515 2161 militibus
537 2121 733 2175 expedire
754 2137 882 2169 arma,
907 2122 995 2176 ipse
1016 2137 1111 2162 cum
1130 2122 1306 2163 tribunis
1326 2123 1554 2177 primisque

202 2183 416 2223 ordinibus
437 2183 490 2223 ad
511 2184 852 2238 contemplandos
867 2184 1064 2225 transitus
1080 2183 1161 2239 [est
1182 2200 1429 2239 progressus
1449 2184 1553 2240 qua]

200 2245 423 2286 descensus
443 2245 576 2286 facilis
597 2246 779 2295 armatis,
805 2260 887 2299 qua
906 2247 949 2286 in
968 2247 1207 2288 ulteriorem
1231 2248 1365 2302 ripam
1384 2248 1554 2288 minime

198 2306 331 2347 inicus
358 2321 554 2348 ascensus
575 2314 695 2348 esset.
732 2308 794 2348 1115
815 2309 913 2349 satis
936 2310 1159 2363 exploratis
1184 2310 1255 2350 illa
1280 2324 1446 2363 quoque
1471 2310 1555 2364 pri-

200 2384 328 2415 mum,
354 2376 401 2409 ut
415 2369 559 2410 ordine
573 2384 621 2410 ac
636 2370 724 2411 sine
744 2372 925 2411 tumultu
938 2372 1077 2412 onmia
1095 2371 1138 2412 in
1151 2372 1317 2427 agmine
1333 2373 1394 2413 ads
1405 2380 1555 2414 nutum

200 2431 504 2485 imperiumque
530 2432 646 2472 ducis
678 2433 841 2482 fierent,
877 2433 1074 2488 providit:
1112 2434 1185 2474 ubi
1210 2435 1404 2475 omnibus
1431 2435 1554 2476 simul

198 2493 537 2547 pronuntiaretur
550 2494 661 2547 quod
683 2495 799 2536 fieret
813 2510 949 2549 neque
964 2511 1107 2538 omnes
1122 2497 1380 2546 exaudirent,
1395 2498 1553 2539 incerto

198 2555 373 2609 imperio
399 2563 569 2610 accepto
596 2556 710 2605 alios,
737 2557 790 2597 ab
815 2572 859 2598 se
884 2558 1122 2608 adicientes,
1148 2560 1242 2614 plus
1268 2575 1316 2601 eo
1339 2560 1451 2613 quod
1475 2560 1552 2600 im-

199 2624 387 2671 peratum
410 2618 474 2667 sit,
500 2617 602 2659 alios
623 2618 758 2659 minus
786 2619 943 2669 facere;
970 2621 1171 2663 clamores
1192 2622 1341 2663 deinde
1362 2621 1550 2663 dissonos

1580 2323 1598 2350 ἴ)

1580 2448 1598 2476 6
