1804 2926
518 156 669 191 LIBER
694 154 921 198 xxxxm‚
950 155 980 188 7.
1000 154 1031 188 s,
1061 154 1164 197 [ac.
1182 155 1263 197 170]
1511 146 1564 187 93

211 261 486 318 gittariorum,
512 260 553 299 in
574 259 871 300 Blacedoniam
896 258 1072 307 misisse,
1099 273 1194 299 cum
1219 257 1461 313 interrogati
1482 273 1565 299 non

211 324 487 366 infitiarentur
509 329 610 376 aput
622 322 780 362 Persea
793 321 994 362 maiorem
1014 336 1235 361 numerum
1257 321 1567 375 sagittariorum

212 401 338 439 quam
360 392 459 439 aput
474 384 686 424 Romanos
706 384 895 433 militare,
920 398 1167 437 responsum
1188 390 1262 431 est,
1289 384 1323 423 si
1345 382 1566 424 Cretenses

212 449 317 489 bene
340 462 388 487 ac
408 447 569 488 naviter
589 447 841 488 destinarent
862 447 1065 501 potiorem
1085 447 1228 501 populi
1243 447 1424 487 Romani
1442 461 1569 500 quam

212 509 321 564 regis
334 508 480 550 Persei
500 509 725 550 amicitiam
745 509 912 557 habere,
935 517 1124 550 senatum
1145 523 1313 562 quoque
1328 509 1566 549 Romanum

210 575 245 612 15
272 583 470 624 tanquam
496 571 618 611 certis
645 573 750 611 50015
775 585 1021 624 responsum
1048 571 1245 611 daturum
1268 585 1371 610 esse.
1409 570 1568 611 interca

212 632 450 673 nuntiarent
481 632 585 681 suis,
619 633 783 686 placere
815 632 976 672 senatui
1008 632 1106 672 dare
1133 647 1304 686 operam
1331 630 1566 678 Cretenses,

213 701 272 743 ut,
298 708 402 748 quos
428 694 578 734 milites
603 695 711 734 intra
736 694 943 748 praesidia
963 695 1072 748 regis
1087 694 1233 734 Persei
1258 693 1471 742 haberent,
1498 707 1568 734 005

212 757 345 812 primo
374 771 541 810 quoque
568 764 755 810 tempore
782 756 953 796 domum
978 763 1234 796 revocarent.

300 817 571 859 Cretensibus
598 833 695 858 011111
726 818 804 859 1100
835 832 1034 872 1051101150
1061 818 1240 858 dimissis
1268 816 1568 858 Chalcidenses

213 880 362 929 vocati,
384 894 561 933 quorum
580 880 734 934 legatio
755 880 846 934 ipso
865 879 1049 927 introitu,
1070 879 1123 919 ob
1143 879 1185 919 id
1206 880 1318 932 quod
1332 879 1569 933 Micythion

214 941 404 996 princeps
427 956 569 981 eorum
590 941 766 995 pedibus
788 949 933 995 captus
956 941 1102 981 lectica
1122 949 1181 982 est
1203 941 1434 989 introlatus,
1462 939 1570 995 [om-

214 1019 287 1044 1105
314 1001 551 1056 convertit.]
585 1003 754 1043 ultimae
780 1003 1036 1043 necessitatis
1063 1003 1271 1056 extemplo
1298 1003 1387 1043 visa
1411 1017 1496 1051 res,
1527 1001 1570 1041 in

216 1080 299 1118 qua
324 1065 380 1105 ita
405 1065 569 1105 adfecto
597 1065 809 1105 excusatio
835 1065 1085 1105 valetudinis
1111 1072 1182 1105 aut
1212 1080 1264 1105 ne
1296 1064 1376 1118 ipsi
1400 1064 1570 1118 quidem

215 1127 396 1181 petenda
421 1127 510 1167 visa
542 1126 649 1167 foret
675 1134 747 1166 aut
773 1126 870 1167 data
894 1127 1053 1180 petenti
1078 1141 1160 1166 non
1188 1134 1308 1168 esset.
1370 1141 1465 1167 cum
1491 1125 1571 1166 sibi

215 1189 317 1229 nihil
349 1188 433 1228 vivi
464 1189 636 1229 relicum
668 1196 962 1242 praeterquam
994 1188 1183 1242 linguam
1208 1188 1261 1229 ad
1293 1188 1570 1242 deplorandas

216 1250 374 1305 patriae
401 1264 499 1290 suae
521 1250 776 1290 calamitates
796 1250 1009 1303 praefatus
1031 1257 1152 1297 05501,
1180 1251 1369 1303 exposuit
1393 1249 1571 1290 civitatis

215 1312 395 1366 primum
421 1326 520 1351 suae
547 1311 767 1351 benefacta
793 1319 832 1352 et
858 1320 998 1352 vetera
1025 1320 1064 1352 ct
1090 1327 1139 1352 ea
1164 1326 1271 1364 quae
1292 1312 1437 1353 Persei
1462 1312 1570 1352 bello

216 1373 518 1428 praestitissent
547 1373 723 1413 ducibus
747 1373 1082 1426 exercitibusque
1104 1373 1324 1421 Romanis3
1351 1382 1439 1413 tum
1464 1388 1570 1426 quae

216 1436 348 1490 primo
375 1434 424 1476 C.
452 1435 675 1475 Lucretius
707 1435 749 1475 in
782 1436 1004 1489 populares
1032 1450 1128 1475 suos
1163 1444 1329 1489 praetor
1355 1435 1571 1476 Romanus

216 1497 394 1551 superbe
422 1512 546 1537 avare
578 1497 799 1537 crudeliter
830 1497 1016 1546 fecisset,
1050 1497 1199 1538 deinde
1225 1512 1333 1550 quae
1364 1506 1453 1537 tum
1479 1512 1574 1537 011111

216 1559 395 1599 maxime
408 1558 462 1599 L.
477 1559 728 1600 Hortensius
743 1559 918 1600 faceret:
935 1573 1059 1612 quem
1074 1559 1126 1600 ad
1141 1559 1312 1599 modum
1327 1559 1466 1599 onmia
1481 1559 1573 1603 sibi.

217 1620 343 1661 etiam
373 1623 407 1660 is
444 1635 552 1674 quae
587 1621 800 1675 patiantur
832 1621 1031 1670 tristiora,
1070 1621 1268 1675 patienda
1300 1636 1388 1662 0550
1420 1621 1575 1660 ducant

219 1683 358 1738 potius
384 1698 509 1736 quam
535 1683 616 1724 fide
644 1683 861 1731 decedant,
888 1683 946 1724 sic
972 1684 1084 1736 quod
1111 1683 1164 1724 ad
1189 1683 1438 1723 Lucretium
1463 1683 1576 1721 Hor-

218 1745 481 1797 tensiumque
519 1745 713 1787 attineret
749 1745 852 1786 50110
884 1745 1013 1786 11111115
1050 1745 1178 1786 fuisse
1210 1745 1403 1785 claudere
1435 1752 1576 1798 portas

219 1822 346 1860 quam
381 1807 424 1847 in
459 1807 606 1848 urbem
644 1822 714 1848 005
746 1807 947 1861 accipere.
1009 1808 1081 1861 qui
1114 1807 1389 1848 exclusissent
1426 1821 1495 1847 005
1520 1830 1576 1834 ——

220 1868 473 1916 Emathiam,
492 1869 797 1923 Amphipolim,
818 1870 1080 1918 BIaroneam,
1096 1870 1267 1910 Aenum
1280 1893 1336 1897 -—
1348 1869 1576 1909 incolumes

221 1947 329 1973 esse:
362 1938 462 1985 aput
488 1946 531 1972 se
562 1932 718 1985 templa
743 1933 935 1972 omnibus
962 1932 1214 1972 ornamentis
1241 1932 1451 1985 conpilata
1482 1945 1577 1984 spo-

220 1994 423 2046 liataque;
462 1991 634 2047 [spolia]
672 1993 863 2047 sacrilegi
906 1993 994 2034 eius
1033 1992 1083 2033 C.
1115 1993 1362 2033 Lucretium
1398 1992 1576 2032 navibus

222 2055 401 2096 Antium
426 2054 663 2102 devexisse,
695 2055 826 2095 libera
852 2069 1026 2108 corpora
1050 2054 1094 2094 in
1118 2054 1362 2095 servitutem
1388 2054 1575 2107 abrepta,

223 2117 411 2158 fortunas
438 2116 643 2156 sociorum
668 2116 811 2170 populi
831 2116 1009 2156 Romani
1037 2116 1219 2169 direptas
1246 2130 1336 2156 esse
1363 2124 1402 2156 01
1427 2115 1577 2156 cotidie

225 2179 358 2233 diripi.
419 2193 517 2218 nam
543 2193 594 2218 ex
618 2177 807 2217 instituto
835 2176 885 2218 C.
911 2177 1084 2218 Lucreti
1110 2177 1386 2218 Hortensium
1411 2191 1577 2230 quoque

223 2241 266 2280 in
290 2240 408 2280 tectis
433 2239 570 2280 hieme
595 2239 750 2293 pariter
769 2246 894 2292 atque
914 2246 1071 2279 aestate
1091 2239 1251 2279 navalis
1273 2239 1405 2279 socios
1425 2238 1578 2280 habere

226 2310 265 2344 et
290 2302 434 2342 domos
461 2316 556 2341 suas
582 2302 725 2355 plenas
746 2301 869 2341 turba
888 2300 1054 2342 nautica
1075 2315 1183 2341 csse:
1211 2300 1367 2341 versari
1391 2300 1498 2341 inter
1522 2315 1578 2348 50,

226 2363 425 2417 coniuges
450 2363 686 2416 liberosque
713 2378 822 2412 suos,
849 2363 1001 2416 quibus
1021 2363 1123 2403 nihil
1144 2377 1278 2416 neque
1301 2363 1436 2403 dicere
1462 2362 1581 2417 pensi

227 2426 278 2466 sit
301 2440 436 2478 neque
461 2425 612 2466 facere.

312 2487 436 2529 VIII.
473 2487 703 2528 Accersere
740 2487 782 2528 111
819 2493 1010 2528 senatum
1042 2487 1289 2529 Lucretium
1321 2486 1498 2541 placuit,
1535 2492 1581 2527 ut

230 2549 478 2605 disceptaret
497 2563 636 2589 coram
661 2559 943 2604 purgaretque
966 2565 1069 2590 5050.
1103 2557 1287 2590 ceterum
1308 2550 1439 2589 multo
1460 2548 1581 2604 plura

175 2621 179 2631 '¹
228 2626 424 2666 praesens
455 2611 614 2653 audivit
646 2626 772 2666 quam
804 2613 845 2653 in
871 2612 1086 2653 absentem
1117 2612 1226 2653 iacta
1252 2620 1387 2660 erant,
1420 2618 1459 2652 et
1485 2625 1580 2664 gra—

1592 273 1610 301 2

1593 395 1610 423 :3

1598 1139 1613 1167 xl

1602 1819 1642 1848 10

1606 2189 1643 2217 11

1610 2502 1622 2529 1

1605 2561 1622 2589 2
