1804 2926
170 1942 209 1971 10

168 2254 203 2282 ll

168 2377 207 2405 12

191 2564 203 2591 l

187 2689 204 2717 2

245 194 271 235 6
505 200 658 235 LIBER
682 201 869 245 XXXXI,
896 202 927 235 6.
949 202 980 235 7.
1009 203 1152 244 sa.u.c.
1167 201 1244 235 576.
1259 201 1341 246 577]

243 306 412 348 Turdus
438 306 480 346 in
500 305 763 345 contionibus
788 305 1019 346 lacerarent
1044 304 1388 359 rogationemque
1414 308 1598 360 promul-

243 377 411 424 garent,
454 384 506 409 ne
542 367 730 408 Manlius
774 375 867 421 post.
911 367 1004 408 idus
1042 367 1221 408 Martias
1257 391 1313 395 ——
1348 377 1598 423 prorogatae

242 446 423 484 namque
460 430 700 471 consulibus
737 429 817 470 iam
856 429 897 469 in
934 445 1089 470 annum
1126 429 1364 485 provinciae
1401 439 1519 472 crant
1542 456 1598 461 —

240 495 461 550 imperium
498 494 714 542 retineret,
757 493 815 533 uti
853 508 1022 534 eausam
1059 494 1269 548 extemplo
1306 493 1464 543 dicere,
1502 509 1597 535 cum

242 559 395 600 abisset
420 556 687 611 magistratu,
712 564 872 610 posset,
904 555 1000 597 huic
1024 556 1231 610 rogationi
1258 555 1312 608 Q.
1338 556 1487 598 Aelius
1513 557 1599 598 col-

240 621 335 675 lega
375 619 608 661 intercessit
644 618 892 673 magnisque
929 618 1264 660 contentionibus
1302 618 1502 668 obtinuit,
1545 634 1598 660 ne

240 683 506 738 perferretur.

325 745 410 785 Per
435 759 505 785 cos
538 743 625 785 dies
651 743 717 784 Ti.
745 742 1019 797 Sempronius
1047 741 1266 784 Gracchus
1300 750 1339 784 et
1365 743 1417 783 L.
1443 742 1598 784 Postu-

238 807 347 848 mius
372 807 555 847 Albinus
582 821 633 846 ex
659 804 867 859 Hispania
892 805 1071 845 Romam
1099 820 1194 846 eum
1218 805 1506 853 revertissent,
1533 820 1597 846 se-

237 878 359 910 natus
385 870 434 910 iis
460 885 484 910 a
502 869 565 909 M.
581 868 737 909 Titinio
762 875 954 921 praetore
980 868 1101 908 datus
1126 868 1168 908 in
1194 867 1297 909 aede
1316 868 1517 908 Bellonae
1543 867 1596 908 ad

238 932 500 973 disserendas
536 946 602 971 res
635 944 738 982 quas
769 929 998 984 gessissent.
1028 930 1385 983 postulandosque
1416 930 1595 971 honores

237 994 404 1035 meritos
431 991 512 1048 [et]
538 1000 585 1032 ut
609 992 687 1032 diis
712 991 1003 1032 inmortalibus
1029 991 1253 1032 haberetur
1277 991 1422 1031 honos.

321 1055 486 1096 Eodem
523 1062 710 1108 tempore
747 1062 788 1094 et
824 1054 867 1093 in
899 1052 1094 1094 Sardinia
1130 1068 1332 1107 magnum
1368 1053 1594 1094 tumultum

236 1134 325 1160 esse
351 1117 480 1158 literis
505 1117 556 1157 T.
582 1116 758 1157 Aebutii
783 1116 986 1170 praetoris
1013 1115 1228 1170 cognitum
1254 1123 1330 1164 est,
1356 1130 1460 1169 quas
1486 1116 1595 1156 filius

235 1181 324 1222 eius
350 1180 402 1221 ad
429 1186 619 1220 senatum
645 1178 865 1219 adtulerat.
913 1178 1089 1219 Ilienses
1115 1178 1321 1219 adiunctis
1346 1179 1594 1219 Balarorum

237 1243 400 1284 auxiliis
432 1250 626 1297 pacatam
657 1240 917 1296 provinciam
947 1240 1187 1282 invaserant
1217 1255 1295 1282 nec
1320 1241 1378 1282 eis
1410 1240 1594 1281 invalido

235 1306 421 1348 exercitu
447 1313 487 1346 et
511 1320 667 1359 magna
690 1311 808 1358 parte
834 1303 1070 1358 pestilentia
1095 1304 1318 1358 absumpto
1344 1303 1477 1345 resisti
1502 1311 1595 1358 pot-

236 1378 336 1411 erat.
397 1369 543 1411 cadem
570 1376 611 1409 ct
638 1367 869 1409 Sardorum
900 1367 1028 1422 legati
1059 1367 1310 1408 nuntiabant
1336 1374 1522 1416 orantes,
1548 1374 1595 1407 ut

235 1432 409 1472 urbibus
447 1431 595 1472 saltem
624 1455 680 1459 —
716 1430 800 1470 iam
837 1429 947 1470 enim
984 1445 1107 1484 agros
1144 1429 1380 1484 deploratos
1417 1444 1507 1470 esse
1539 1453 1594 1457 -—

235 1509 357 1548 opem
395 1501 563 1534 senatus
602 1492 742 1533 ferret.
814 1491 917 1533 haec
952 1492 1107 1546 legatio
1139 1500 1358 1545 totumque
1389 1491 1503 1544 quod
1541 1491 1592 1532 ad

238 1555 476 1597 Sardiniam
503 1554 735 1609 pertinebat
762 1554 816 1594 ad
840 1569 970 1594 novos
996 1554 1265 1608 magistratus
1290 1555 1491 1595 reiectum
1517 1561 1591 1594 est.

320 1619 470 1671 Aeque
494 1617 740 1658 miserabilis
766 1617 921 1671 legatio
934 1616 1180 1670 Lyciorum,
1206 1617 1277 1670 qui
1304 1616 1591 1657 crudelitatem

234 1681 510 1728 Rhodiorum,
526 1679 677 1733 quibus
693 1679 745 1719 ab
760 1679 812 1720 L.
824 1679 1020 1720 Cornelio
1038 1678 1233 1733 Scipione
1249 1679 1447 1719 adtributi
1462 1688 1592 1726 erant,

235 1744 535 1797 querebantur:
573 1743 703 1783 fuisse
742 1742 819 1782 sub
852 1742 1013 1783 dicione
1045 1742 1265 1790 Antiochi3
1303 1757 1396 1782 eam
1431 1741 1592 1795 regiam

235 1806 477 1847 servitutem
498 1805 705 1845 conlatam
719 1820 815 1845 cum
836 1805 1043 1858 praesenti
1059 1813 1169 1844 statu
1187 1804 1446 1858 praeclaram
1468 1803 1591 1843 libcr-

235 1876 363 1909 tatcm
388 1868 532 1908 visam.
592 1882 676 1907 non
702 1867 868 1921 publice
894 1875 1056 1907 tantum
1078 1882 1121 1907 sc
1147 1866 1279 1921 premi
1303 1866 1491 1920 imperio,
1517 1866 1591 1906 sed

235 1931 421 1985 singulos
446 1930 602 1970 iustum
628 1929 715 1984 pati
747 1929 974 1970 servitium.
1034 1929 1152 1969 iuxta
1178 1944 1235 1975 se,
1262 1928 1461 1982 coniuges
1486 1927 1590 1969 libe-

232 2007 386 2046 rosque
406 1992 562 2040 vexari,
587 1992 631 2032 in
653 2006 817 2046 corpus,
843 1991 886 2032 in
906 2000 1071 2046 tergum
1093 1990 1256 2039 saeviri,
1282 1990 1452 2038 faniam,
1479 1990 1592 2042 quod

231 2055 450 2109 indignum
477 2054 541 2103 sit,
567 2054 769 2094 maculari
791 2053 1140 2107 dehonestarique
1161 2060 1201 2094 et
1226 2053 1365 2107 palam
1390 2067 1455 2092 res
1475 2051 1591 2092 odio—

232 2133 298 2158 sas
330 2117 418 2158 ficri
448 2117 549 2157 iuris
581 2116 706 2157 etiam
737 2115 967 2170 usurpandi
993 2131 1140 2164 causa,
1172 2130 1224 2156 ne
1256 2129 1331 2169 pro
1363 2114 1491 2155 dubio
1516 2113 1591 2154 ha-

235 2181 358 2221 beant,
382 2179 483 2220 nihil
508 2179 615 2220 inter
640 2194 683 2220 se
709 2186 748 2220 et
775 2186 948 2233 argento
973 2186 1120 2232 parata
1145 2177 1353 2231 mancipia
1376 2177 1589 2217 interesse.

232 2251 368 2283 motus
399 2243 461 2283 his
495 2249 663 2283 senatus
694 2242 851 2282 litteras
877 2241 1022 2295 Lyciis
1056 2241 1109 2281 ad
1134 2239 1322 2281 Rhodios
1349 2239 1481 2287 dedit,
1511 2252 1591 2279 nec

232 2305 389 2358 Lycios
421 2304 596 2345 Rhodiis
628 2319 706 2345 nec
743 2304 850 2344 ullos
887 2303 957 2344 alii
987 2303 1202 2357 cuiquam,
1240 2302 1312 2355 qui
1347 2301 1434 2342 nati
1470 2300 1587 2341 liberi

234 2367 333 2413 sint,
364 2366 406 2405 in
433 2366 676 2407 servitutem
701 2366 790 2406 dari
816 2367 1000 2420 placere:
1032 2365 1191 2420 Lycios
1216 2365 1274 2405 ita
1299 2363 1377 2405 sub
1403 2362 1590 2404 Rhodio-

232 2443 324 2467 rum
362 2428 483 2467 simul
513 2428 687 2481 imperio
720 2436 759 2468 et
790 2429 920 2469 tutela
951 2444 1061 2477 esse,
1098 2435 1144 2468 ut
1179 2427 1221 2468 in
1252 2426 1413 2467 dicione
1446 2424 1589 2480 populi

232 2489 412 2530 Romani
439 2489 624 2529 civitates
652 2489 786 2530 sociae
813 2490 906 2530 sint.

315 2552 416 2592 VH.
455 2550 676 2605 Triumphi
702 2551 852 2592 deinde
878 2567 929 2592 ex
949 2553 1156 2606 Hispania
1181 2552 1264 2593 duo
1284 2550 1469 2592 continui
1493 2549 1587 2590 acti.

231 2613 343 2668 prior
375 2612 648 2666 Sempronius
681 2611 901 2653 Gracchus
934 2614 985 2654 dc
1020 2613 1243 2655 Celtiberis
1275 2612 1481 2664 sociisque
1517 2624 1586 2651 eo-

230 2690 343 2723 rum,
386 2681 551 2729 postero
589 2674 655 2714 dic
694 2673 745 2714 L.
784 2674 1028 2715 Postumius
1072 2676 1123 2717 de
1159 2674 1375 2716 Lusitanis
1413 2672 1585 2724 aliisque
