1804 2926
575 221 621 257 T.
646 220 754 256 LIVI
780 218 1113 255 FRAGMENTA.
1436 207 1520 250 225

169 331 234 354 suo
245 316 453 364 gurgitibus
465 312 625 356 imbutis,
644 311 879 356 corporisque
893 311 1046 344 iacentis
1058 310 1234 355 pestifero
1249 310 1390 345 adflatu
1401 309 1522 344 vicina

168 364 315 410 regione
333 361 493 407 polluta,
518 358 687 409 Romana
704 357 790 391 inde
816 356 1052 408 summovisse
1077 360 1208 407 castra.
1258 355 1371 390 adicit
1388 355 1522 389 beluae

167 409 302 444 corium
320 410 468 442 centum
480 409 518 441 et
534 402 667 449 viginti
683 403 820 448 pedum
838 412 875 435 m
896 401 1022 436 urbem
1040 413 1201 436 missum.
1257 402 1330 436 Val.
1344 402 1443 436 Alam.
1456 400 1475 434 I
1488 400 1520 434 8.

167 461 230 489 ext.
244 455 298 488 19.

667 507 681 521 *
693 507 767 531 LIB.
782 513 808 531 a.
821 514 849 532 u,
865 514 889 531 c.
903 507 1020 532 xvim.

233 554 290 597 10)
316 551 432 587 Tertii
446 551 523 585 ludi
537 550 748 595 (saeculares
760 549 823 596 sc.)
831 550 990 594 suerunt,
1006 550 1158 584 Antiate
1169 549 1352 593 Livioque
1367 546 1522 582 auctori-

166 600 243 643 bus,
264 599 306 633 P.
322 597 477 633 Claudio
495 597 667 640 Pulchro,
688 595 732 630 L.
750 595 858 630 Iunio
871 595 980 630 Pullo
1000 595 1210 630 consulibus
1228 607 1241 622 >⁴⁵
1253 607 1266 621 ³⁶
1290 594 1464 629 censorin.
1485 594 1525 626 cle

165 647 216 678 die
228 651 298 678 nat.
312 655 341 678 c.
356 643 398 677 17
406 654 444 686 p.
457 642 513 682 47,
530 642 549 675 7
562 643 660 676 Jahn.

233 689 292 734 11)
320 714 327 722 .
343 713 351 721 .
367 714 374 721 .
399 698 486 721 nam
498 686 655 720 Romani
668 685 778 720 moris
791 685 862 720 fuit
875 689 911 720 et
924 685 961 719 in
975 685 1131 720 comitiis
1145 696 1166 720 a
1196 683 1298 720 endis
1313 684 1398 719 etin
1415 683 1524 718 bellis

165 734 336 780 gerendis
354 732 516 777 pullaria
535 736 687 776 captare
709 731 875 777 auguria.
923 732 1021 766 unde
1040 735 1096 766 est
1113 731 1151 764 in
1200 731 1282 773 ivio,
1304 729 1419 774 quod,
1441 740 1524 762 cum

166 780 314 824 quidam
335 778 489 822 cupidus
514 777 605 811 belli
629 777 783 822 gerendi
804 788 825 811 a
844 776 990 810 tribuno
1014 776 1134 821 plebis
1153 779 1348 818 arceretur,
1376 785 1422 808 ne
1441 774 1521 817 iret,

164 825 284 869 pullos
303 823 408 858 iussit
426 822 573 858 adferri.
623 822 685 867 qui
705 834 786 856 cum
800 822 929 856 missas
949 833 1022 855 non
1037 822 1188 856 ederent
1205 821 1341 866 fruges,
1369 819 1524 853 irridens

165 869 293 904 consul
317 868 510 914 augurium
537 868 589 902 ait
615 868 691 902 ‘vel
710 868 854 901 bibant’
876 871 913 901 et
931 878 993 901 eos
1012 867 1050 900 in
1070 866 1236 901 Tiberim
1254 864 1523 910 praecipitavit.

165 915 250 950 inde
268 914 423 949 navibus
438 914 486 947 ad
498 913 665 947 Africam
684 913 838 947 tendens
852 912 889 946 in
902 912 995 946 mari
1009 924 1091 946 cum
1105 912 1283 956 omnibus,
1311 921 1400 956 quos
1415 910 1524 945 duce-

165 956 243 1005 bat,
271 960 452 995 extinctus
465 962 531 994 est.
578 961 674 993 Seru
690 960 735 992 ad
756 959 877 1002 Ver-qil.
892 959 978 992 Aen.
992 957 1046 993 VI
1060 958 1137 992 198.

687 1026 713 1059 [θ’
727 1028 799 1052 LIB.
815 1034 841 1052 a.
857 1035 884 1052 u.
900 1035 924 1052 c.
938 1027 998 1052 XX.

232 1075 267 1119 a)
294 1073 333 1108 C.
348 1071 507 1107 Manlius
522 1072 636 1124 <immo
652 1071 691 1106 C.
706 1071 907 1117 Mamilius)
922 1075 959 1105 et
973 1070 1205 1112 QX‘alerirrs.
1232 1071 1300 1105 His
1314 1070 1525 1105 consulibus

164 1120 259 1155 ludis
284 1119 460 1154 Romanis
484 1129 640 1162 primum
664 1117 858 1162 tragoedia
883 1120 920 1151 et
943 1117 1134 1152 comoedia
1158 1128 1180 1151 a
1204 1117 1321 1151 Lucio
1346 1117 1452 1150 Livio
1478 1115 1526 1150 ad

163 1177 336 1200 scaenam
352 1166 451 1199 data.
503 1164 654 1198 Cassiod,
670 1164 784 1197 chron.
801 1174 832 1197 α.
848 1174 879 1196 u.
895 1162 961 1196 515
982 1163 1083 1196 Vsa-r.

233 1211 266 1256 b)
291 1210 341 1244 M.
355 1208 536 1244 Aemilius
558 1213 594 1243 et
613 1208 661 1242 M.
676 1208 815 1242 Iunius
864 1208 933 1241 His
952 1207 1164 1241 consulibus
1178 1206 1371 1241 Hamilcar
1383 1205 1524 1239 Hanni-

162 1256 258 1290 balis
283 1259 389 1300 pater
408 1255 446 1288 in
464 1254 649 1298 Hispania
667 1253 806 1287 bellum
824 1253 1001 1287 Romanis
1025 1264 1161 1297 parans
1186 1253 1325 1286 occisus
1352 1256 1418 1285 est.
1466 1251 1526 1284 hic

163 1301 291 1334 solitus
306 1300 437 1342 dicere,
466 1303 639 1343 quattuor
651 1297 746 1331 filios
760 1302 887 1332 contra
900 1297 1077 1342 populum
1089 1298 1296 1331 Romanum
1309 1297 1410 1331 velut
1423 1300 1524 1331 catu-

163 1347 217 1380 los
232 1349 303 1387 [se]
320 1345 490 1379 educare.
542 1345 693 1378 Cassiod.
709 1345 730 1376 l.
746 1345 767 1376 l.
783 1355 814 1376 α.
829 1355 860 1376 u.
876 1343 954 1376 524.

232 1392 264 1436 c)
289 1390 331 1423 L.
345 1389 521 1424 Veturius
536 1392 573 1423 et
587 1388 625 1422 C.
641 1388 824 1421 Lutatius.
874 1388 942 1421 His
956 1387 1167 1422 consulibus
1179 1387 1239 1421 via
1252 1386 1437 1420 Flaminia
1449 1397 1526 1419 mu-

162 1437 241 1470 nita
255 1439 291 1470 et
304 1435 422 1469 circus
435 1434 556 1468 factus
570 1433 631 1477 qui
644 1432 848 1466 Flaminius
863 1433 1082 1477 appellatur.
1111 1434 1263 1467 Cassiod.
1279 1434 1300 1466 l.
1316 1434 1379 1466 La.
1390 1445 1419 1466 u.
1429 1432 1524 1474 531]

664 1503 736 1527 LIB.
751 1509 776 1526 a.
791 1509 819 1527 u.
835 1509 859 1527 c.
874 1502 1022 1526 XI-XX-

231 1547 288 1592 12)
314 1545 386 1580 Dic
404 1545 509 1589 mihi,
535 1557 618 1580 cum
638 1556 749 1590 saepe
768 1556 919 1580 numero
938 1544 976 1578 in
995 1544 1170 1579 Romanis
1188 1544 1348 1579 historiis
1369 1545 1526 1590 legatur,

162 1593 268 1627 Livio
296 1595 462 1635 auctore,
490 1591 702 1635 saepissime
727 1590 765 1624 in
787 1591 857 1624 hac
882 1590 973 1625 urbe
997 1594 1123 1625 exorta
1145 1590 1358 1635 pestilentia
1382 1590 1527 1624 infinita

161 1638 350 1672 hominum
362 1637 464 1671 milia
478 1636 678 1681 deperiisse
693 1640 803 1680 atque
818 1647 860 1670 eo
873 1636 1087 1680 frequenter
1099 1640 1259 1680 ventum,
1285 1640 1327 1669 ut
1344 1635 1403 1669 vix
1417 1640 1525 1677 esset,

162 1683 260 1717 unde
283 1683 356 1716 illis
381 1682 568 1716 bellicosis
592 1682 819 1726 temporibus
844 1682 1023 1716 exercitus
1049 1681 1231 1726 potuisset
1256 1681 1434 1724 adscribi,
1461 1681 1526 1714 illo

161 1732 326 1772 tempore
347 1728 416 1762 deo
434 1732 498 1761 tuo
511 1727 715 1762 Februario
734 1727 882 1762 minime
901 1726 1105 1761 litabatur?
1130 1738 1178 1761 an
1197 1726 1310 1761 etiam
1329 1727 1448 1760 cultus
1468 1727 1526 1759 hio,

164 1773 311 1807 omnino
325 1772 417 1807 nihil
430 1772 629 1817 proderat?
642 1773 705 1806 illo
720 1776 884 1817 tempore
893 1772 1118 1817 Lupercalia
1130 1783 1204 1806 non
1218 1772 1526 1807 celebrabantur?

163 1829 233 1853 nee
247 1818 344 1852 enim
363 1817 526 1852 dicturus
541 1829 590 1861 eS,
616 1818 710 1853 haee
728 1829 835 1852 sacra
855 1818 975 1852 adhuc
994 1818 1056 1851 illo
1077 1822 1241 1862 tempore
1260 1828 1333 1851 non
1348 1817 1524 1861 coepisse,

165 1874 261 1942 {uae
294 1867 379 1897 ante
402 1863 600 1897 Romulum
631 1864 678 1897 ab
702 1863 877 1897 Euandro
902 1863 940 1896 in
964 1863 1112 1897 ltaliam
1141 1863 1384 1908 perhibentur
1409 1863 1525 1896 illata.

200 1908 388 1952 upercalia
407 1913 528 1941 autem
547 1913 698 1952 propter
717 1908 805 1953 quid
829 1908 999 1942 instituta
1019 1912 1118 1952 sunt,
1147 1912 1324 1953 quantum
1345 1908 1392 1941 ad
1412 1908 1526 1952 ipsius

166 1953 435 1998 superstitionis
448 1958 655 1987 commenta
672 1957 895 1998 respectant,
920 1953 1047 1987 Livius
1068 1954 1231 1988 secunda
1249 1954 1389 1987 decade
1411 1953 1526 1996 loqui-

165 2002 235 2043 tur,
254 2010 323 2033 nec
335 2001 486 2042 propter
498 1998 643 2031 morbos
656 1998 875 2032 inhibendos
888 1998 1057 2032 instituta
1071 2002 1343 2041 commemorat,
1365 1998 1430 2031 sed
1444 2009 1526 2042 pro-

164 2048 247 2089 pter
271 2043 520 2084 sterilitatem,
546 2046 588 2076 ut
612 2043 646 2077 ei
670 2043 829 2086 videtur,
856 2043 1066 2086 mulierum,
1095 2054 1189 2087 quae
1214 2047 1302 2076 tunc
1327 2043 1525 2085 acciderat,

165 2089 437 2124 exsolvendam.
487 2089 621 2122 Gelasz’i
632 2098 748 2132 papae
760 2089 855 2132 epist.
871 2090 1034 2122 adversus
1048 2089 1327 2122 Andromachum
1342 2099 1397 2132 ap.
1412 2090 1525 2121 Baro-

164 2136 258 2168 nz'um
273 2135 391 2168 annal.
407 2134 522 2168 eccles.
537 2135 592 2167 acl.
607 2145 638 2167 α.
655 2143 852 2168 CCCCXCVI
865 2145 956 2167 num.
971 2144 1093 2167 xxxv.

639 2200 664 2234 [*
677 2202 750 2226 LIB.
764 2209 789 2226 a.
805 2209 833 2226 u.
849 2209 873 2226 c.
888 2203 1056 2227 xxxxvn.

232 2246 270 2291 d)
295 2245 344 2279 M.
358 2245 539 2280 Aemilius
560 2249 597 2280 et
610 2244 650 2280 C.
664 2245 856 2290 Popillius.
904 2246 973 2279 His
993 2245 1204 2280 consulibus
1224 2246 1378 2280 metalla
1396 2245 1434 2279 in
1448 2245 1527 2279 Ma-

165 2291 321 2326 cedonia
334 2291 512 2325 instituta.
565 2292 717 2325 Cassiod.
733 2293 754 2325 Z.
770 2293 792 2325 ί.
807 2303 839 2325 α.
853 2303 885 2324 u.
900 2291 979 2325 596.

234 2337 266 2381 e)
292 2335 335 2376 Q.
349 2336 502 2369 Fulvius
521 2339 558 2370 et
571 2336 613 2369 P.
626 2336 781 2370 Annius.
840 2336 890 2370 Hi
915 2336 1022 2381 primi
1048 2337 1216 2371 consules
1241 2337 1318 2371 kal.
1345 2335 1528 2370 Ianuariis

166 2381 428 2460 ΞΠειςίεῒι-αὸίῑὸιῧ
435 2381 596 2415 inierunt
608 2385 758 2426 propter
771 2381 932 2415 subitum
945 2381 1168 2417 Celtiberiae
1181 2382 1331 2417 bellum.
1372 2383 1526 2416 Cassiod.

181 2454 187 2460 .
203 2429 224 2461 l.
240 2439 272 2461 a.
286 2439 318 2461 u.
403 2452 410 2459 .

635 2484 649 2499 *
662 2485 735 2509 LIB.
749 2491 774 2510 a.
790 2492 817 2510 u.
832 2492 856 2509 c.
869 2484 1064 2510 xxxxvml.

236 2528 294 2574 13)
319 2527 377 2562 De
392 2531 602 2572 quartorum
622 2528 789 2562 ludorum
809 2528 1053 2572 (saecularium
1067 2529 1131 2574 sc.)
1148 2540 1243 2563 anno
1257 2530 1391 2575 triplex
1404 2531 1528 2576 opinio

167 2577 234 2608 est.
281 2573 413 2607 Antias
434 2574 530 2608 enim
549 2578 587 2608 et
606 2573 725 2608 Varro
751 2578 787 2608 et
806 2574 932 2607 Livius
952 2575 1089 2609 relatos
1116 2586 1196 2609 esse
1222 2576 1464 2620 prodiderunt
1482 2577 1525 2610 L.

166 2618 305 2653 Marcio
326 2618 537 2662 Censorino,
565 2618 624 2652 Μ’.
639 2619 790 2653 Manilio
809 2620 1032 2664 consulibus,
1058 2624 1142 2664 post
1162 2621 1319 2655 Romam
1340 2622 1526 2657 conditam

167 2675 264 2699 anno
289 2665 548 2698 sescentesimo
574 2663 718 2709 quinto,
746 2668 785 2698 at
808 2664 895 2698 Piso
919 2664 1114 2700 Censorius
1140 2670 1178 2700 et
1202 2665 1267 2700 Cn.
1295 2666 1439 2703 Gellius
1464 2675 1523 2702 etc.

169 2711 345 2745 censorin.
359 2711 399 2742 de
413 2711 464 2743 die
476 2715 547 2744 nat.
563 2722 589 2743 c.
607 2709 648 2743 17
658 2721 693 2754 p.
709 2710 765 2754 48,
779 2710 800 2743 <2
815 2712 913 2744 [alm.

238 2767 295 2793 Livi
314 2768 364 2792 vol.
380 2767 425 2793 [V.
1294 2771 1336 2803 15
