1804 2926
232 147 284 187 70
500 154 651 188 11101111
678 153 884 197 xxxxn,
911 155 963 187 50.
986 154 1039 188 51.
1069 156 1167 197 [11.u.
1183 165 1212 188 c.
1229 154 1310 198 553]

184 274 203 303 8
230 259 422 313 antiquos
448 259 607 298 animos
627 257 798 313 regibus
825 258 910 298 suis
931 258 1122 299 videatur
1146 272 1267 312 posse
1292 257 1443 300 facere.
1481 259 1581 300 dum

162 832 200 861 10

161 1079 197 1107 11

181 1638 198 1666 ΙΨ

178 2074 198 2102 4

179 2321 197 2349 5

181 2569 197 2598 6

227 322 414 375 integrae
447 319 531 375 [res
557 320 658 369 sint,
691 319 894 375 statuere]
927 330 1027 375 aput
1062 321 1247 362 animum
1278 337 1402 363 suum
1425 322 1584 364 Persea

227 378 394 431 debere,
419 391 561 423 utrum
587 382 753 437 singula
778 383 1044 424 concedendo
1064 383 1245 424 nudatus
1272 384 1325 424 ad
1350 391 1582 426 extremum

227 446 378 500 opibus
415 445 673 499 extorrisque
709 459 839 499 regno
872 445 1205 487 Samothraciam
1243 446 1421 488 aliamve
1455 461 1583 500 quam

228 508 407 549 insulam
432 515 573 562 petere
599 507 652 548 ab
666 507 882 556 Romanis,
908 508 981 548 ubi
1006 508 1194 563 privatus
1221 516 1431 563 superstes
1453 522 1583 563 regno

229 585 304 611 suo
339 570 382 611 in
414 577 657 624 contemptu
694 577 819 622 atque
855 569 996 624 inopia
1032 578 1321 620 consenescat,
1357 571 1493 619 malit,
1530 586 1584 612 an

227 639 410 673 armatus
431 631 586 673 vindex
606 631 798 673 fortunae
819 630 1116 686 dignitatisque
1143 647 1257 681 suae,
1283 639 1367 681 aut,
1390 631 1474 687 [ut]
1495 632 1583 673 viro

227 694 324 735 forti
350 694 525 749 dignum
551 694 616 742 sit,
641 694 825 749 patiatur
845 694 1139 749 quodcumque
1159 709 1280 736 casus
1306 695 1404 736 belli
1428 695 1583 744 tulerit,

227 764 300 797 aut
334 757 466 798 victor
495 756 644 798 liberet
674 757 818 797 orbem
849 769 1053 797 terrarum
1084 757 1345 812 abimperio
1377 757 1581 798 Romano.

224 833 309 859 non
357 834 448 860 esse
497 818 783 860 admirabilius
826 818 1040 860 Romanos
1080 818 1262 860 Graecia
1308 820 1407 873 pelli
1455 833 1583 873 quam

224 881 507 922 Hannibalem
540 881 664 921 Italia
694 881 862 935 pulsum
893 895 997 921 esse.
1058 887 1195 934 neque
1226 881 1396 923 hercule
1426 882 1582 931 videre,

225 943 296 997 qui
339 943 560 984 conveniat
603 942 739 991 fratri,
789 942 1016 983 adfectanti
1052 957 1126 997 per
1162 943 1357 984 iniuriam
1392 958 1584 998 regnum,

225 1019 389 1045 summa
425 1004 466 1044 vi
502 1004 720 1052 restitisse,
759 1004 1003 1058 alienigenis
1042 1004 1149 1046 bene
1185 1013 1305 1060 parto
1337 1019 1386 1046 eo
1422 1006 1582 1047 cedere.

225 1075 436 1122 postremo
467 1066 526 1108 ita
561 1065 650 1121 [de]
679 1066 788 1107 bello
822 1074 862 1108 et
895 1081 998 1121 pace
1030 1067 1195 1120 quaeri,
1232 1075 1279 1108 ut
1308 1068 1415 1109 inter
1439 1083 1584 1110 omnes

225 1129 445 1171 conveniat
474 1143 553 1170 nec
584 1129 747 1184 turpius
784 1129 1012 1183 quicquam
1043 1144 1134 1170 esse
1167 1144 1295 1183 quam
1332 1130 1420 1171 sine
1451 1138 1584 1172 certa-

224 1192 333 1233 mine
371 1191 545 1233 cessisse
580 1206 730 1246 regno‚
774 1206 852 1233 nec
893 1191 1148 1246 praeclarius
1193 1192 1418 1245 quicquam
1455 1207 1583 1246 quam
1618 1210 1624 1215 ·

224 1268 299 1309 pro
331 1253 534 1309 dignitate
571 1268 620 1295 ac
655 1253 873 1295 maiestate
910 1269 1077 1295 omnem
1114 1254 1327 1295 fortunam
1364 1262 1583 1310 expertum

224 1331 327 1358 csse.

309 1379 386 1419 LI.
422 1378 586 1427 Pellae,
623 1378 665 1419 in
692 1386 831 1420 vetere
863 1378 980 1433 regia
1003 1379 1307 1429 Macedonum,
1344 1378 1423 1420 hoc
1448 1379 1584 1420 consi-

224 1441 326 1481 lium
352 1449 453 1482 erat.
515 1445 730 1495 ‘geramus
756 1441 875 1495 ergo'
901 1441 1057 1494 inquit,
1090 1441 1171 1482 ‘dis
1196 1441 1303 1482 bene
1327 1441 1582 1491 iuvantibus,

225 1503 393 1556 quando
418 1503 475 1543 ita
500 1503 684 1552 videtur,
717 1503 912 1551 bellum;'
950 1503 1181 1556 litterisque
1207 1503 1316 1545 circa
1346 1503 1581 1558 praefectos

225 1564 405 1605 dimissis
438 1563 597 1605 Citium
626 1589 682 1593 —
712 1565 991 1606 Blaccdoniae
1029 1565 1230 1619 oppidum
1267 1573 1329 1606 est
1352 1589 1409 1594 —
1439 1565 1580 1620 copias

225 1627 359 1667 omnis
392 1627 610 1667 contrahit.
671 1627 760 1681 ipse
794 1636 962 1668 centum
993 1627 1121 1667 hostis
1154 1627 1355 1668 sacrificio
1386 1628 1582 1682 regaliter

225 1689 461 1737 BIinervae,
488 1703 615 1742 quam
639 1696 792 1730 vocant
805 1689 1014 1738 Alcidem,
1041 1689 1230 1729 confecto
1256 1704 1351 1730 cum
1375 1704 1582 1744 purpura-

225 1759 362 1791 torum
387 1758 427 1792 et
460 1751 685 1792 satellitum
710 1767 838 1791 manu
862 1751 1075 1805 profectus
1103 1749 1261 1792 Citium
1287 1759 1362 1792 cst.
1422 1766 1471 1793 eo
1496 1751 1580 1792 iam

225 1827 368 1854 omnes
393 1813 680 1854 BIaccdonum
708 1811 784 1868 [et]
809 1822 1075 1854 externorum
1101 1813 1351 1854 auxiliorum
1376 1828 1582 1855 convenc-

223 1882 316 1915 rant
340 1875 499 1929 copiae.
560 1883 696 1916 castra
720 1883 816 1916 ante
841 1876 989 1916 urbem
1013 1876 1131 1929 ponit
1156 1875 1373 1929 omnisque
1399 1884 1581 1916 armatos

222 1937 265 1977 in
302 1952 450 1993 campo
495 1937 661 1985 struxit,
710 1952 874 1978 summa
910 1937 1096 1978 omnium
1138 1937 1419 1992 quadraginta
1463 1936 1578 1993 [tria]

222 1999 339 2039 milia
364 2007 525 2040 armata
549 1999 687 2048 fuere,
720 2013 900 2052 quorum
924 2015 1020 2054 pars
1052 1999 1183 2040 ferme
1209 1999 1381 2040 dimidia
1406 1999 1581 2054 phalan—

221 2061 334 2116 gitae
361 2069 496 2110 erant3
524 2061 702 2116 Hippias
728 2062 968 2104 Beroeaeus
994 2069 1197 2117 praeerat.
1242 2061 1404 2103 delecta
1429 2061 1580 2103 deinde

223 2132 263 2165 et
289 2123 447 2164 viribus
473 2131 514 2165 et
545 2125 693 2166 robore
726 2124 874 2166 aetatis
907 2140 960 2166 ex
984 2124 1097 2165 omni
1128 2131 1380 2165 cetratorum
1404 2139 1579 2166 numero

224 2185 308 2226 duo
337 2184 487 2241 [milia]
516 2194 652 2235 erant3
684 2202 835 2241 agema
865 2187 974 2228 hanc
1004 2186 1085 2241 ipsi
1114 2186 1327 2240 legionem
1359 2187 1580 2235 vocabant,

222 2248 456 2301 praefectos
472 2248 655 2289 habebat
669 2248 938 2290 Leonnatum
953 2256 994 2290 et
1008 2249 1293 2303 Thrasippum
1305 2251 1326 2300 †
1339 2248 1578 2306 Eulyestas.

224 2317 456 2350 ceterorum
477 2317 741 2360 cetratorum,
761 2311 888 2352 trium
909 2311 1042 2352 ferme
1062 2310 1223 2351 milium
1244 2310 1473 2359 hominum,
1493 2311 1579 2352 dux

224 2377 311 2411 crat
341 2371 587 2428 Antiphilus
617 2372 870 2415 Edessaeus.
929 2373 1125 2414 Paeones
1162 2379 1203 2414 et
1239 2388 1291 2414 ex
1326 2373 1503 2413 Paroria
1539 2382 1580 2414 et

223 2432 567 2486 Parastrymonia
591 2457 647 2463 —
669 2442 767 2475 sunt
797 2443 938 2476 autem
962 2450 1012 2477 ea
1043 2436 1136 2476 loca
1160 2435 1349 2476 subiecta
1373 2434 1579 2476 Thraciae

224 2517 279 2522 —-
303 2500 343 2534 et
367 2493 598 2547 Agrianes,
633 2495 827 2537 admixtis
852 2497 978 2537 etiam
1003 2497 1238 2538 Threcibus
1263 2497 1428 2545 incolis,
1453 2496 1578 2537 trium

224 2556 386 2596 milium
410 2556 542 2597 ferme
567 2564 608 2598 ct
638 2556 717 2611 ipsi
748 2559 1023 2612 expleverunt
1047 2575 1282 2601 numerum.
1343 2566 1577 2600 armaverat

225 2625 572 2672 contraxeratque
605 2634 674 2660 eos
699 2619 835 2661 Didas
861 2621 1026 2669 Paeon,
1054 2622 1126 2674 qui
1152 2622 1462 2663 adulescentem
1488 2621 1573 2662 De>-
