1804 2926
452 171 601 206 LIBER
627 170 874 213 XXXXIIH,
901 170 956 203 42.
976 170 1031 203 43.
1059 170 1162 213 [a.C.
1178 171 1258 213 1438]
1452 159 1529 200 14?

182 278 361 318 hostium
379 274 572 315 manibus
594 274 724 328 elapsi
745 282 874 321 erant,
901 273 1078 314 inermes
1099 273 1152 313 ad
1174 289 1287 314 mare
1308 273 1531 327 fugientes,

181 339 349 393 quidam
370 352 523 390 aquam
542 336 667 378 etiam
686 335 876 390 ingressi,
904 351 1052 376 manus
1079 336 1132 376 ad
1152 349 1221 376 eos
1242 336 1315 389 qui
1339 336 1382 376 in
1401 336 1532 376 classe

181 407 297 443 erant
321 400 560 448 tendentes,
586 399 830 453 suppliciter
855 399 981 439 vitam
1009 398 1196 439 orabant.
1257 406 1298 440 et
1323 413 1417 439 cum
1444 411 1533 438 sca-

180 463 283 517 phas
317 458 561 503 concurrere
593 461 778 514 undique
811 461 864 501 ab
895 461 1071 501 navibus
1109 467 1342 509 cernerent,
1379 459 1433 500 ad
1463 473 1534 499 ex-

181 523 391 579 cipiendos
418 539 508 565 sese
534 523 674 564 venire
700 522 792 571 rati,
818 530 864 563 111
890 530 1083 577 caperent
1109 522 1247 576 potius
1273 535 1400 574 quam
1425 520 1533 561 occi-

180 587 343 636 derent,
374 586 540 640 longius
570 585 613 625 in
638 599 810 638 aquam,
843 585 1015 638 quidam
1040 584 1166 625 etiam
1189 590 1402 631 natantes,
1438 596 1533 636 pro-

178 648 312 703 gressi
346 655 455 689 sunt.
515 647 589 688 sed
615 662 709 688 cum
736 647 939 688 hostiliter
966 645 1029 701 [e]
1057 646 1222 701 scaphis
1248 645 1532 692 caederentur,

179 719 288 751 retro
315 710 387 763 qui
411 716 604 764 poterant
627 709 766 750 nando
792 716 1026 763 repetentes
1053 716 1206 750 terram
1230 708 1273 748 in
1298 707 1422 748 aliam
1447 706 1535 747 foe-

181 773 339 813 diorem
370 780 531 827 pestem
562 771 822 820 incidebant3
856 771 1065 826 elephanti
1091 771 1201 812 enim
1226 770 1279 811 ab
1304 768 1534 811 rectoribus

181 836 235 876 ad
267 835 363 875 litus
403 834 483 875 acti
520 834 710 875 exeuntis
748 834 996 875 obterebant
1034 828 1340 886 elidebantque.
1412 830 1534 872 facile

181 897 474 945 conveniebat,
512 894 576 950 [a]
613 896 814 937 Romanis
857 910 1086 949 numquam
1129 910 1214 936 una
1250 894 1338 935 acie
1374 900 1536 934 tantum

181 959 466 999 Macedonum
504 957 783 998 interfectum.
845 973 967 999 caesa
1004 957 1114 998 enim
1153 957 1206 997 ad
1241 955 1389 1010 viginti
1424 954 1537 994 milia

183 1021 398 1062 hominum
429 1029 545 1069 sunt,
583 1020 637 1061 ad
668 1036 742 1061 sex
766 1021 898 1070 milia,
935 1020 1007 1073 qui
1032 1020 1227 1075 Pydnam
1253 1034 1305 1060 ex
1330 1018 1418 1059 acie
1442 1032 1536 1072 per-

182 1083 390 1137 fugerant,
416 1083 500 1122 vivi
519 1083 562 1123 in
586 1090 836 1136 potestatem
860 1090 1153 1137 pervenerunt,
1180 1089 1221 1122 et.
1241 1080 1338 1135 vagi
1358 1095 1410 1121 ex
1434 1079 1538 1133 fuga

182 1145 365 1198 quinque
390 1145 504 1185 milia
534 1144 751 1185 hominum
776 1153 909 1199 capta.
970 1159 1022 1185 ex
1047 1144 1274 1185 victoribus
1300 1142 1539 1183 ceciderunt

182 1222 266 1247 non
298 1208 392 1261 plus
424 1214 610 1255 centum,
649 1214 686 1247 et
720 1221 864 1248 eorum
888 1207 1018 1247 multo
1043 1206 1176 1246 maior
1208 1220 1304 1259 pars
1330 1203 1536 1257 Paeligni.

183 1269 384 1309 volnerati
406 1268 618 1320 aliquanto
639 1269 779 1322 plures
800 1275 908 1308 sunt.
948 1268 1061 1321 quod
1081 1268 1113 1308 si
1134 1267 1338 1307 maturius
1357 1265 1537 1320 pugnari

187 1338 380 1385 coeptum
406 1337 532 1378 esset,
565 1337 610 1370 111
636 1330 734 1370 satis
761 1330 841 1370 diei
872 1330 1100 1370 victoribus
1126 1330 1179 1370 ad
1204 1328 1539 1383 persequendum

184 1399 439 1447 superesset,
466 1391 626 1432 deletae
652 1406 795 1432 onmes
822 1391 966 1445 copiae
992 1391 1149 1439 sorent3
1183 1404 1294 1430 nunc
1318 1389 1539 1429 imminens

183 1469 266 1494 nox
287 1462 325 1495 ct
345 1454 553 1507 fugientes
574 1452 677 1493 texit
697 1460 737 1494 et
750 1452 951 1493 Romanis
977 1452 1187 1507 pigritiem
1207 1451 1260 1491 ad
1280 1450 1539 1504 sequendum

184 1517 284 1557 locis
311 1515 462 1569 ignotis
489 1515 599 1555 fecit.

269 1577 546 1617 XXXXHI.
585 1577 766 1617 Perseus
793 1577 846 1617 ad
870 1576 1057 1617 Pieriam
1090 1576 1238 1616 silvam
1263 1575 1331 1615 via
1356 1574 1538 1619 militari,

184 1640 391 1693 frequenti
417 1639 583 1694 agmine
609 1639 797 1692 equitum
824 1646 864 1680 01
888 1639 1004 1693 regio
1031 1638 1231 1680 comitatu
1255 1637 1376 1691 fugit.
1415 1636 1537 1676 simul

184 1703 227 1743 in
252 1702 400 1743 silvam
426 1709 597 1742 ventum
623 1709 702 1750 est,
734 1701 808 1741 ubi
833 1701 973 1755 plures
1000 1701 1189 1741 diversae
1215 1699 1385 1740 semitae
1412 1706 1542 1745 erant,

186 1772 227 1805 et
250 1778 333 1804 nox
366 1763 747 1818 adpropinquabat,
781 1778 877 1804 cum
902 1763 1124 1817 perpaucis
1149 1761 1330 1802 maxime
1355 1760 1448 1801 fidis
1474 1760 1543 1800 via

1562 844 1578 870 *l

1565 1649 1582 1676 ¹0

187 1825 376 1866 devertit.
437 1825 598 1878 equites
635 1825 723 1866 sine
760 1825 865 1866 duce
903 1825 1034 1865 relicti
1072 1825 1125 1865 ali
1163 1824 1244 1865 alia
1280 1823 1323 1863 in
1355 1823 1543 1863 civitates
1570 1837 1587 1862 ε’,

189 1903 283 1928 suas
316 1887 464 1940 dilapsi
501 1896 615 1934 sunt3
653 1887 853 1940 perpauci
888 1887 984 1927 inde
1015 1887 1178 1927 Pellam
1212 1885 1386 1926 celerius
1417 1898 1543 1937 quam

188 1949 277 2003 ipse
302 1948 502 1996 Perseus,
529 1948 627 2000 quia
652 1957 766 1988 recta
792 1947 873 2002 [et]
900 1949 1094 2002 expedita
1118 1948 1187 1988 via
1211 1947 1364 1995 ierant,
1396 1961 1544 2000 perve-

190 2017 352 2051 nerunt.
396 2024 470 2049 rex
496 2009 548 2049 ad
572 2009 755 2049 mediam
779 2009 910 2050 ferme
935 2017 1100 2049 noctem
1127 2016 1167 2049 01
1193 2022 1329 2049 011010
1356 2015 1395 2048 et
1420 2007 1544 2046 variis

192 2071 508 2112 difficultatibus
546 2071 638 2111 viae
674 2078 881 2111 vexatust.
952 2071 995 2110 in
1036 2071 1152 2125 regia
1193 2078 1353 2110 maesta
1388 2069 1545 2110 Perseo

190 2134 262 2187 qui
286 2134 430 2174 Pellae
455 2140 675 2187 praeerant
701 2131 927 2187 [Eulaeus]
956 2132 1202 2184 Euctusque
1227 2134 1400 2186 regique
1424 2130 1544 2185 pueri

191 2203 512 2250 praestoerant..
555 2202 698 2235 contra
716 2210 765 2235 ea
784 2194 1026 2242 amicorum,
1053 2194 1125 2247 qui
1151 2194 1204 2233 ali
1230 2194 1310 2233 alio
1336 2208 1433 2233 casu
1462 2208 1547 2234 ser-

193 2257 278 2297 vati
292 2272 343 2297 ex
364 2257 520 2310 proelio
535 2256 699 2297 Pellam
713 2264 925 2303 venerant,
941 2271 1035 2296 cum
1050 2270 1174 2309 saepe
1189 2255 1373 2295 arcessiti
1396 2262 1546 2303 essent,

193 2334 314 2360 nemo
352 2319 406 2359 ad
442 2333 537 2358 011111
574 2319 700 2359 venit.
761 2325 844 2359 tres
878 2328 996 2358 erant
1028 2326 1189 2357 tantum
1219 2331 1315 2357 cum
1341 2331 1389 2357 eo
1421 2316 1548 2371 fugae
1585 2330 1591 2337 ·

195 2381 379 2428 comites,
404 2379 604 2420 Euander
625 2378 851 2428 Cretensis,
877 2379 968 2420 Neo
988 2379 1189 2420 Boeotius
1211 2386 1251 2419 et
1265 2378 1548 2419 Archidamus

196 2443 386 2483 Aetolus.
436 2456 531 2482 cum
556 2444 603 2489 is,
630 2442 712 2482 iam
737 2450 948 2490 metuens,
973 2456 1039 2490 ne,
1064 2441 1137 2494 qui
1162 2440 1303 2482 venire
1330 2441 1383 2480 ad
1408 2455 1451 2481 50
1477 2441 1550 2480 ab-
1578 2455 1592 2461 ”

196 2513 383 2552 1111010111,
409 2504 542 2544 maius
569 2504 726 2557 aliquid
750 2519 848 2544 mox
875 2504 1088 2552 auderent,
1116 2511 1264 2557 quarta
1289 2503 1432 2557 vigilia
1455 2518 1551 2558 pro-

197 2567 317 2621 fugit.
379 2566 511 2606 secuti
543 2580 638 2606 eum
671 2574 766 2606 sunt
805 2566 1030 2606 admodum
1062 2565 1281 2619 quingenti
1313 2564 1548 2606 Cretenses.

198 2629 363 2683 petebat
380 2628 688 2682 Amphipoli1n3
715 2628 789 2669 sed
808 2636 928 2669 nocte
950 2644 974 2669 a
987 2628 1107 2669 Pella
1126 2628 1295 2675 exierat,
1322 2642 1550 2682 properans

1260 2694 1302 2726 10
1313 2697 1325 2710 *²

1575 2334 1592 2358 ⁴)

1580 2467 1586 2482 A

1575 2579 1593 2607 S
