<?xml version="1.0" encoding="UTF-8"?>
<!DOCTYPE html PUBLIC "-//W3C//DTD XHTML 1.0 Transitional//EN"
    "http://www.w3.org/TR/xhtml1/DTD/xhtml1-transitional.dtd">
<html xmlns="http://www.w3.org/1999/xhtml" xml:lang="en" lang="en">
 <head>
  <title>
</title>
<meta http-equiv="Content-Type" content="text/html;charset=utf-8" />
  <meta name='ocr-system' content='tesseract 3.04.00' />
  <meta name='ocr-capabilities' content='ocr_page ocr_carea ocr_par ocr_line ocrx_word'/>
</head>
<body>
  <div class='ocr_page' id='page_1' title='image "./aburbeconditalib04livyuoft_0224.png"; bbox 0 0 1804 2926; ppageno 0'>
   <div class='ocr_carea' id='block_1_1' title="bbox 203 1078 219 1106">
    <p class='ocr_par' dir='ltr' id='par_1_1' title="bbox 203 1078 219 1106">
     <span class='ocr_line' id='line_1_1' title="bbox 203 1078 219 1106; baseline 0 0"><span class='ocrx_word' id='word_1_1' title='bbox 203 1078 219 1106; x_wconf 77' lang='grc' dir='ltr'><em>Ἰ</em></span> 
     </span>
    </p>
   </div>
   <div class='ocr_carea' id='block_1_2' title="bbox 203 1326 222 1354">
    <p class='ocr_par' dir='ltr' id='par_1_2' title="bbox 203 1326 222 1354">
     <span class='ocr_line' id='line_1_2' title="bbox 203 1326 222 1354; baseline 0 0"><span class='ocrx_word' id='word_1_2' title='bbox 203 1326 222 1354; x_wconf 73' lang='grc' dir='ltr'>ὅ</span> 
     </span>
    </p>
   </div>
   <div class='ocr_carea' id='block_1_3' title="bbox 185 1634 223 1663">
    <p class='ocr_par' dir='ltr' id='par_1_3' title="bbox 185 1634 223 1663">
     <span class='ocr_line' id='line_1_3' title="bbox 185 1634 223 1663; baseline 0.026 -1"><span class='ocrx_word' id='word_1_3' title='bbox 185 1634 223 1663; x_wconf 87' lang='grc'>10</span> 
     </span>
    </p>
   </div>
   <div class='ocr_carea' id='block_1_4' title="bbox 185 1758 221 1787">
    <p class='ocr_par' dir='ltr' id='par_1_4' title="bbox 185 1758 221 1787">
     <span class='ocr_line' id='line_1_4' title="bbox 185 1758 221 1787; baseline 0 0"><span class='ocrx_word' id='word_1_4' title='bbox 185 1758 221 1787; x_wconf 90' lang='lat' dir='ltr'>ll</span> 
     </span>
    </p>
   </div>
   <div class='ocr_carea' id='block_1_5' title="bbox 251 147 1311 196">
    <p class='ocr_par' dir='ltr' id='par_1_5' title="bbox 251 147 1311 196">
     <span class='ocr_line' id='line_1_5' title="bbox 251 147 1311 196; baseline -0.003 -9"><span class='ocrx_word' id='word_1_5' title='bbox 251 147 331 188; x_wconf 73' lang='grc'>150</span> <span class='ocrx_word' id='word_1_6' title='bbox 538 153 689 187; x_wconf 74' lang='lat' dir='ltr'>LIBER</span> <span class='ocrx_word' id='word_1_7' title='bbox 715 152 962 196; x_wconf 74' lang='lat' dir='ltr'>xxxxnn,</span> <span class='ocrx_word' id='word_1_8' title='bbox 989 154 1043 185; x_wconf 69' lang='lat'>413.</span> <span class='ocrx_word' id='word_1_9' title='bbox 1072 154 1120 194; x_wconf 84' lang='lat' dir='ltr'>[a.</span> <span class='ocrx_word' id='word_1_10' title='bbox 1135 162 1168 184; x_wconf 94' lang='lat' dir='ltr'>u.</span> <span class='ocrx_word' id='word_1_11' title='bbox 1184 162 1213 185; x_wconf 90' lang='lat' dir='ltr'>e.</span> <span class='ocrx_word' id='word_1_12' title='bbox 1228 151 1311 192; x_wconf 72' lang='lat'>586]</span> 
     </span>
    </p>
   </div>
   <div class='ocr_carea' id='block_1_6' title="bbox 245 254 1608 1862">
    <p class='ocr_par' dir='ltr' id='par_1_6' title="bbox 245 254 1608 1862">
     <span class='ocr_line' id='line_1_6' title="bbox 248 254 1601 309; baseline -0.003 -10"><span class='ocrx_word' id='word_1_13' title='bbox 248 259 460 299; x_wconf 76' lang='lat' dir='ltr'>Meliboea</span> <span class='ocrx_word' id='word_1_14' title='bbox 493 272 516 297; x_wconf 85' lang='lat' dir='ltr'>a</span> <span class='ocrx_word' id='word_1_15' title='bbox 551 255 630 297; x_wconf 88' lang='lat' dir='ltr'>Cn.</span> <span class='ocrx_word' id='word_1_16' title='bbox 659 254 837 296; x_wconf 76' lang='lat' dir='ltr'>Octavio</span> <span class='ocrx_word' id='word_1_17' title='bbox 870 255 1031 309; x_wconf 87' lang='lat' dir='ltr'>capitur</span> <span class='ocrx_word' id='word_1_18' title='bbox 1062 254 1354 309; x_wconf 84' lang='lat' dir='ltr'>diripiturque;</span> <span class='ocrx_word' id='word_1_19' title='bbox 1387 255 1439 295; x_wconf 87' lang='lat' dir='ltr'>ad</span> <span class='ocrx_word' id='word_1_20' title='bbox 1470 255 1601 309; x_wconf 79' lang='lat' dir='ltr'>Aegi-</span> 
     </span>
     <span class='ocr_line' id='line_1_7' title="bbox 248 315 1600 372; baseline -0.002 -11"><span class='ocrx_word' id='word_1_21' title='bbox 248 321 376 369; x_wconf 84' lang='lat' dir='ltr'>nium,</span> <span class='ocrx_word' id='word_1_22' title='bbox 403 320 456 360; x_wconf 87' lang='lat' dir='ltr'>ad</span> <span class='ocrx_word' id='word_1_23' title='bbox 481 319 594 372; x_wconf 88' lang='lat' dir='ltr'>quod</span> <span class='ocrx_word' id='word_1_24' title='bbox 620 317 950 372; x_wconf 83' lang='lat' dir='ltr'>oppugnandum</span> <span class='ocrx_word' id='word_1_25' title='bbox 967 315 1046 357; x_wconf 87' lang='lat' dir='ltr'>Cn.</span> <span class='ocrx_word' id='word_1_26' title='bbox 1063 317 1239 358; x_wconf 71' lang='lat' dir='ltr'>Anicius</span> <span class='ocrx_word' id='word_1_27' title='bbox 1265 318 1428 372; x_wconf 82' lang='lat' dir='ltr'>legatus</span> <span class='ocrx_word' id='word_1_28' title='bbox 1449 317 1600 358; x_wconf 88' lang='lat' dir='ltr'>missus</span> 
     </span>
     <span class='ocr_line' id='line_1_8' title="bbox 248 378 1603 434; baseline -0.003 -10"><span class='ocrx_word' id='word_1_29' title='bbox 248 390 348 431; x_wconf 87' lang='lat' dir='ltr'>erat,</span> <span class='ocrx_word' id='word_1_30' title='bbox 375 381 541 422; x_wconf 87' lang='lat' dir='ltr'>ducenti</span> <span class='ocrx_word' id='word_1_31' title='bbox 568 380 785 434; x_wconf 83' lang='lat' dir='ltr'>eruptione</span> <span class='ocrx_word' id='word_1_32' title='bbox 811 394 863 420; x_wconf 82' lang='lat' dir='ltr'>ex</span> <span class='ocrx_word' id='word_1_33' title='bbox 884 379 1037 433; x_wconf 87' lang='lat' dir='ltr'>oppido</span> <span class='ocrx_word' id='word_1_34' title='bbox 1063 378 1173 419; x_wconf 87' lang='lat' dir='ltr'>facta</span> <span class='ocrx_word' id='word_1_35' title='bbox 1199 379 1340 419; x_wconf 88' lang='lat' dir='ltr'>amissi</span> <span class='ocrx_word' id='word_1_36' title='bbox 1365 388 1459 420; x_wconf 83' lang='lat' dir='ltr'>sunt</span> <span class='ocrx_word' id='word_1_37' title='bbox 1485 380 1603 434; x_wconf 84' lang='lat' dir='ltr'>igna-</span> 
     </span>
     <span class='ocr_line' id='line_1_9' title="bbox 246 442 1603 499; baseline -0.002 -14"><span class='ocrx_word' id='word_1_38' title='bbox 246 444 301 485; x_wconf 85' lang='lat' dir='ltr'>ris</span> <span class='ocrx_word' id='word_1_39' title='bbox 327 443 656 499; x_wconf 78' lang='lat' dir='ltr'>Aeginiensibus</span> <span class='ocrx_word' id='word_1_40' title='bbox 682 442 937 483; x_wconf 84' lang='lat' dir='ltr'>debellatum</span> <span class='ocrx_word' id='word_1_41' title='bbox 963 455 1067 482; x_wconf 91' lang='lat' dir='ltr'>csse.</span> <span class='ocrx_word' id='word_1_42' title='bbox 1111 442 1256 482; x_wconf 88' lang='lat' dir='ltr'>consul</span> <span class='ocrx_word' id='word_1_43' title='bbox 1282 457 1306 482; x_wconf 88' lang='lat' dir='ltr'>a</span> <span class='ocrx_word' id='word_1_44' title='bbox 1330 442 1483 496; x_wconf 85' lang='lat' dir='ltr'>Pydna</span> <span class='ocrx_word' id='word_1_45' title='bbox 1507 455 1603 496; x_wconf 90' lang='lat' dir='ltr'>pro-</span> 
     </span>
     <span class='ocr_line' id='line_1_10' title="bbox 247 503 1602 558; baseline -0.003 -10"><span class='ocrx_word' id='word_1_46' title='bbox 247 507 381 548; x_wconf 85' lang='lat' dir='ltr'>fectus</span> <span class='ocrx_word' id='word_1_47' title='bbox 414 521 510 547; x_wconf 90' lang='lat' dir='ltr'>cum</span> <span class='ocrx_word' id='word_1_48' title='bbox 541 513 628 546; x_wconf 89' lang='lat' dir='ltr'>toto</span> <span class='ocrx_word' id='word_1_49' title='bbox 661 504 846 546; x_wconf 78' lang='lat' dir='ltr'>exercitu</span> <span class='ocrx_word' id='word_1_50' title='bbox 879 503 945 544; x_wconf 87' lang='lat' dir='ltr'>die</span> <span class='ocrx_word' id='word_1_51' title='bbox 978 503 1108 544; x_wconf 88' lang='lat' dir='ltr'>altero</span> <span class='ocrx_word' id='word_1_52' title='bbox 1133 503 1296 544; x_wconf 81' lang='lat' dir='ltr'>Pellam</span> <span class='ocrx_word' id='word_1_53' title='bbox 1321 504 1531 558; x_wconf 83' lang='lat' dir='ltr'>pervenit3</span> <span class='ocrx_word' id='word_1_54' title='bbox 1563 511 1602 545; x_wconf 88' lang='lat' dir='ltr'>et</span> 
     </span>
     <span class='ocr_line' id='line_1_11' title="bbox 248 565 1603 621; baseline -0.003 -11"><span class='ocrx_word' id='word_1_55' title='bbox 248 584 340 610; x_wconf 86' lang='lat' dir='ltr'>cum</span> <span class='ocrx_word' id='word_1_56' title='bbox 369 577 503 609; x_wconf 88' lang='lat' dir='ltr'>castra</span> <span class='ocrx_word' id='word_1_57' title='bbox 528 568 640 608; x_wconf 90' lang='lat' dir='ltr'>mille</span> <span class='ocrx_word' id='word_1_58' title='bbox 667 581 815 621; x_wconf 89' lang='lat' dir='ltr'>passus</span> <span class='ocrx_word' id='word_1_59' title='bbox 840 566 937 607; x_wconf 89' lang='lat' dir='ltr'>inde</span> <span class='ocrx_word' id='word_1_60' title='bbox 962 565 1190 620; x_wconf 78' lang='lat' dir='ltr'>posuisset,</span> <span class='ocrx_word' id='word_1_61' title='bbox 1226 580 1300 620; x_wconf 88' lang='lat' dir='ltr'>per</span> <span class='ocrx_word' id='word_1_62' title='bbox 1332 566 1489 619; x_wconf 87' lang='lat' dir='ltr'>aliquot</span> <span class='ocrx_word' id='word_1_63' title='bbox 1515 566 1603 607; x_wconf 86' lang='lat' dir='ltr'>dies</span> 
     </span>
     <span class='ocr_line' id='line_1_12' title="bbox 246 627 1603 682; baseline -0.002 -11"><span class='ocrx_word' id='word_1_64' title='bbox 246 632 304 672; x_wconf 90' lang='lat' dir='ltr'>ibi</span> <span class='ocrx_word' id='word_1_65' title='bbox 330 631 480 672; x_wconf 82' lang='lat' dir='ltr'>stativa</span> <span class='ocrx_word' id='word_1_66' title='bbox 505 630 670 678; x_wconf 86' lang='lat' dir='ltr'>habuit,</span> <span class='ocrx_word' id='word_1_67' title='bbox 704 629 829 669; x_wconf 87' lang='lat' dir='ltr'>situm</span> <span class='ocrx_word' id='word_1_68' title='bbox 855 628 969 669; x_wconf 87' lang='lat' dir='ltr'>urbis</span> <span class='ocrx_word' id='word_1_69' title='bbox 1001 628 1187 681; x_wconf 89' lang='lat' dir='ltr'>undique</span> <span class='ocrx_word' id='word_1_70' title='bbox 1219 627 1444 682; x_wconf 85' lang='lat' dir='ltr'>aspiciens,</span> <span class='ocrx_word' id='word_1_71' title='bbox 1476 642 1603 681; x_wconf 90' lang='lat' dir='ltr'>quam</span> 
     </span>
     <span class='ocr_line' id='line_1_13' title="bbox 247 689 1605 745; baseline -0.002 -11"><span class='ocrx_word' id='word_1_72' title='bbox 247 708 330 734; x_wconf 89' lang='grc'>11011</span> <span class='ocrx_word' id='word_1_73' title='bbox 363 693 450 734; x_wconf 89' lang='lat' dir='ltr'>sine</span> <span class='ocrx_word' id='word_1_74' title='bbox 484 707 611 733; x_wconf 87' lang='lat' dir='ltr'>causa</span> <span class='ocrx_word' id='word_1_75' title='bbox 642 692 846 732; x_wconf 88' lang='lat' dir='ltr'>delectam</span> <span class='ocrx_word' id='word_1_76' title='bbox 873 706 963 732; x_wconf 91' lang='lat' dir='ltr'>esse</span> <span class='ocrx_word' id='word_1_77' title='bbox 994 690 1154 745; x_wconf 78' lang='lat' dir='ltr'>regiam</span> <span class='ocrx_word' id='word_1_78' title='bbox 1188 689 1377 731; x_wconf 82' lang='lat' dir='ltr'>advertit.</span> <span class='ocrx_word' id='word_1_79' title='bbox 1439 690 1518 731; x_wconf 81' lang='lat' dir='ltr'>sita</span> <span class='ocrx_word' id='word_1_80' title='bbox 1543 700 1605 731; x_wconf 83' lang='lat' dir='ltr'>est</span> 
     </span>
     <span class='ocr_line' id='line_1_14' title="bbox 248 752 1603 808; baseline -0.002 -13"><span class='ocrx_word' id='word_1_81' title='bbox 248 755 290 796; x_wconf 91' lang='lat' dir='ltr'>in</span> <span class='ocrx_word' id='word_1_82' title='bbox 334 755 495 795; x_wconf 91' lang='lat' dir='ltr'>tumulo</span> <span class='ocrx_word' id='word_1_83' title='bbox 532 762 730 808; x_wconf 77' lang='lat' dir='ltr'>vergente</span> <span class='ocrx_word' id='word_1_84' title='bbox 765 754 807 793; x_wconf 92' lang='lat' dir='ltr'>in</span> <span class='ocrx_word' id='word_1_85' title='bbox 845 753 1104 794; x_wconf 88' lang='lat' dir='ltr'>occidentem</span> <span class='ocrx_word' id='word_1_86' title='bbox 1145 752 1387 801; x_wconf 84' lang='lat' dir='ltr'>hibernum3</span> <span class='ocrx_word' id='word_1_87' title='bbox 1431 752 1603 807; x_wconf 83' lang='lat' dir='ltr'>cingunt</span> 
     </span>
     <span class='ocr_line' id='line_1_15' title="bbox 246 815 1603 871; baseline -0.001 -14"><span class='ocrx_word' id='word_1_88' title='bbox 246 817 420 871; x_wconf 82' lang='lat' dir='ltr'>paludes</span> <span class='ocrx_word' id='word_1_89' title='bbox 445 816 792 870; x_wconf 83' lang='lat' dir='ltr'>inexsuperabilis</span> <span class='ocrx_word' id='word_1_90' title='bbox 819 816 1048 856; x_wconf 82' lang='lat' dir='ltr'>altitudinis</span> <span class='ocrx_word' id='word_1_91' title='bbox 1074 823 1231 856; x_wconf 79' lang='lat' dir='ltr'>aestate</span> <span class='ocrx_word' id='word_1_92' title='bbox 1258 824 1297 856; x_wconf 87' lang='lat' dir='ltr'>et</span> <span class='ocrx_word' id='word_1_93' title='bbox 1322 815 1472 863; x_wconf 87' lang='lat' dir='ltr'>hieme,</span> <span class='ocrx_word' id='word_1_94' title='bbox 1498 831 1603 869; x_wconf 88' lang='lat' dir='ltr'>quas</span> 
     </span>
     <span class='ocr_line' id='line_1_16' title="bbox 246 876 1602 933; baseline 0 -15"><span class='ocrx_word' id='word_1_95' title='bbox 246 886 534 933; x_wconf 81' lang='lat' dir='ltr'>restagnantes</span> <span class='ocrx_word' id='word_1_96' title='bbox 560 878 717 917; x_wconf 87' lang='lat' dir='ltr'>faciunt</span> <span class='ocrx_word' id='word_1_97' title='bbox 733 877 911 932; x_wconf 87' lang='lat' dir='ltr'>[amnes.</span> <span class='ocrx_word' id='word_1_98' title='bbox 949 876 1043 931; x_wconf 81' lang='lat' dir='ltr'>arx]</span> <span class='ocrx_word' id='word_1_99' title='bbox 1058 877 1228 917; x_wconf 88' lang='lat' dir='ltr'>Phacus</span> <span class='ocrx_word' id='word_1_100' title='bbox 1254 877 1297 917; x_wconf 89' lang='lat' dir='ltr'>in</span> <span class='ocrx_word' id='word_1_101' title='bbox 1322 877 1412 931; x_wconf 87' lang='lat' dir='ltr'>ipsa</span> <span class='ocrx_word' id='word_1_102' title='bbox 1437 878 1602 931; x_wconf 89' lang='lat' dir='ltr'>palude,</span> 
     </span>
     <span class='ocr_line' id='line_1_17' title="bbox 246 938 1605 994; baseline 0 -14"><span class='ocrx_word' id='word_1_103' title='bbox 246 955 329 994; x_wconf 90' lang='lat' dir='ltr'>qua</span> <span class='ocrx_word' id='word_1_104' title='bbox 354 940 545 994; x_wconf 80' lang='lat' dir='ltr'>proxima</span> <span class='ocrx_word' id='word_1_105' title='bbox 576 939 671 979; x_wconf 82' lang='lat' dir='ltr'>urbi</span> <span class='ocrx_word' id='word_1_106' title='bbox 697 948 776 987; x_wconf 89' lang='lat' dir='ltr'>est,</span> <span class='ocrx_word' id='word_1_107' title='bbox 807 940 921 980; x_wconf 84' lang='lat' dir='ltr'>velut</span> <span class='ocrx_word' id='word_1_108' title='bbox 952 939 1087 979; x_wconf 90' lang='lat' dir='ltr'>insula</span> <span class='ocrx_word' id='word_1_109' title='bbox 1112 938 1267 979; x_wconf 81' lang='lat' dir='ltr'>eminet.</span> <span class='ocrx_word' id='word_1_110' title='bbox 1299 939 1441 993; x_wconf 77' lang='lat' dir='ltr'>aggeri</span> <span class='ocrx_word' id='word_1_111' title='bbox 1469 941 1605 994; x_wconf 86' lang='lat' dir='ltr'>operis</span> 
     </span>
     <span class='ocr_line' id='line_1_18' title="bbox 245 1001 1606 1057; baseline -0.001 -14"><span class='ocrx_word' id='word_1_112' title='bbox 245 1002 427 1057; x_wconf 84' lang='lat' dir='ltr'>ingentis</span> <span class='ocrx_word' id='word_1_113' title='bbox 452 1001 668 1056; x_wconf 88' lang='lat' dir='ltr'>imposita,</span> <span class='ocrx_word' id='word_1_114' title='bbox 706 1001 776 1054; x_wconf 89' lang='lat' dir='ltr'>qui</span> <span class='ocrx_word' id='word_1_115' title='bbox 802 1009 841 1042; x_wconf 93' lang='lat' dir='ltr'>et</span> <span class='ocrx_word' id='word_1_116' title='bbox 867 1016 1037 1041; x_wconf 88' lang='lat' dir='ltr'>murum</span> <span class='ocrx_word' id='word_1_117' title='bbox 1063 1001 1265 1042; x_wconf 88' lang='lat' dir='ltr'>sustineat</span> <span class='ocrx_word' id='word_1_118' title='bbox 1292 1010 1331 1042; x_wconf 87' lang='lat' dir='ltr'>et</span> <span class='ocrx_word' id='word_1_119' title='bbox 1356 1016 1502 1043; x_wconf 89' lang='lat' dir='ltr'>umore</span> <span class='ocrx_word' id='word_1_120' title='bbox 1528 1002 1606 1042; x_wconf 90' lang='lat' dir='ltr'>cir-</span> 
     </span>
     <span class='ocr_line' id='line_1_19' title="bbox 246 1063 1607 1118; baseline -0.001 -13"><span class='ocrx_word' id='word_1_121' title='bbox 246 1064 463 1105; x_wconf 86' lang='lat' dir='ltr'>cumfusae</span> <span class='ocrx_word' id='word_1_122' title='bbox 494 1063 659 1118; x_wconf 87' lang='lat' dir='ltr'>paludis</span> <span class='ocrx_word' id='word_1_123' title='bbox 689 1063 792 1103; x_wconf 89' lang='lat' dir='ltr'>nihil</span> <span class='ocrx_word' id='word_1_124' title='bbox 822 1063 1026 1104; x_wconf 79' lang='lat' dir='ltr'>laedatur.</span> <span class='ocrx_word' id='word_1_125' title='bbox 1086 1078 1205 1104; x_wconf 87' lang='lat' dir='ltr'>muro</span> <span class='ocrx_word' id='word_1_126' title='bbox 1236 1063 1352 1103; x_wconf 86' lang='lat' dir='ltr'>urbis</span> <span class='ocrx_word' id='word_1_127' title='bbox 1384 1063 1607 1104; x_wconf 77' lang='lat' dir='ltr'>coniuncta</span> 
     </span>
     <span class='ocr_line' id='line_1_20' title="bbox 245 1125 1605 1181; baseline -0.001 -15"><span class='ocrx_word' id='word_1_128' title='bbox 245 1126 391 1181; x_wconf 87' lang='lat' dir='ltr'>procul</span> <span class='ocrx_word' id='word_1_129' title='bbox 412 1126 594 1174; x_wconf 82' lang='lat' dir='ltr'>videtur3</span> <span class='ocrx_word' id='word_1_130' title='bbox 622 1125 754 1165; x_wconf 87' lang='lat' dir='ltr'>divisa</span> <span class='ocrx_word' id='word_1_131' title='bbox 769 1132 831 1166; x_wconf 86' lang='lat' dir='ltr'>est</span> <span class='ocrx_word' id='word_1_132' title='bbox 850 1125 1109 1166; x_wconf 87' lang='lat' dir='ltr'>intermurali</span> <span class='ocrx_word' id='word_1_133' title='bbox 1125 1125 1236 1166; x_wconf 88' lang='lat' dir='ltr'>amni</span> <span class='ocrx_word' id='word_1_134' title='bbox 1258 1133 1297 1167; x_wconf 89' lang='lat' dir='ltr'>et</span> <span class='ocrx_word' id='word_1_135' title='bbox 1313 1126 1459 1167; x_wconf 88' lang='lat' dir='ltr'>eadem</span> <span class='ocrx_word' id='word_1_136' title='bbox 1479 1136 1605 1180; x_wconf 82' lang='lat' dir='ltr'>ponte</span> 
     </span>
     <span class='ocr_line' id='line_1_21' title="bbox 246 1188 1605 1242; baseline 0 -13"><span class='ocrx_word' id='word_1_137' title='bbox 246 1189 407 1237; x_wconf 87' lang='lat' dir='ltr'>iuncta,</span> <span class='ocrx_word' id='word_1_138' title='bbox 440 1194 486 1228; x_wconf 87' lang='lat' dir='ltr'>ut</span> <span class='ocrx_word' id='word_1_139' title='bbox 510 1201 588 1228; x_wconf 89' lang='lat' dir='ltr'>nec</span> <span class='ocrx_word' id='word_1_140' title='bbox 614 1195 884 1242; x_wconf 80' lang='lat' dir='ltr'>oppugnante</span> <span class='ocrx_word' id='word_1_141' title='bbox 911 1196 1082 1228; x_wconf 81' lang='lat' dir='ltr'>externo</span> <span class='ocrx_word' id='word_1_142' title='bbox 1109 1188 1269 1228; x_wconf 89' lang='lat' dir='ltr'>aditum</span> <span class='ocrx_word' id='word_1_143' title='bbox 1300 1188 1353 1228; x_wconf 89' lang='lat' dir='ltr'>ab</span> <span class='ocrx_word' id='word_1_144' title='bbox 1378 1189 1464 1229; x_wconf 86' lang='lat' dir='ltr'>ulla</span> <span class='ocrx_word' id='word_1_145' title='bbox 1488 1197 1605 1242; x_wconf 87' lang='lat' dir='ltr'>parte</span> 
     </span>
     <span class='ocr_line' id='line_1_22' title="bbox 245 1249 1608 1304; baseline 0.001 -14"><span class='ocrx_word' id='word_1_146' title='bbox 245 1250 411 1298; x_wconf 88' lang='lat' dir='ltr'>habeat,</span> <span class='ocrx_word' id='word_1_147' title='bbox 437 1265 514 1291; x_wconf 91' lang='lat' dir='ltr'>nec</span> <span class='ocrx_word' id='word_1_148' title='bbox 534 1250 568 1290; x_wconf 92' lang='lat' dir='ltr'>si</span> <span class='ocrx_word' id='word_1_149' title='bbox 587 1264 712 1303; x_wconf 90' lang='lat' dir='ltr'>quem</span> <span class='ocrx_word' id='word_1_150' title='bbox 731 1249 790 1289; x_wconf 91' lang='lat' dir='ltr'>ibi</span> <span class='ocrx_word' id='word_1_151' title='bbox 810 1264 883 1290; x_wconf 79' lang='lat' dir='ltr'>rex</span> <span class='ocrx_word' id='word_1_152' title='bbox 907 1249 1109 1298; x_wconf 84' lang='lat' dir='ltr'>includat,</span> <span class='ocrx_word' id='word_1_153' title='bbox 1135 1251 1268 1290; x_wconf 88' lang='lat' dir='ltr'>ullum</span> <span class='ocrx_word' id='word_1_154' title='bbox 1293 1250 1371 1290; x_wconf 87' lang='lat' dir='ltr'>nisi</span> <span class='ocrx_word' id='word_1_155' title='bbox 1396 1265 1471 1304; x_wconf 90' lang='lat' dir='ltr'>per</span> <span class='ocrx_word' id='word_1_156' title='bbox 1491 1250 1608 1293; x_wconf 83' lang='lat' dir='ltr'>facil-</span> 
     </span>
     <span class='ocr_line' id='line_1_23' title="bbox 248 1311 1606 1367; baseline -0.001 -14"><span class='ocrx_word' id='word_1_157' title='bbox 248 1313 372 1354; x_wconf 85' lang='lat' dir='ltr'>limae</span> <span class='ocrx_word' id='word_1_158' title='bbox 404 1312 618 1353; x_wconf 82' lang='lat' dir='ltr'>custodiae</span> <span class='ocrx_word' id='word_1_159' title='bbox 649 1320 820 1366; x_wconf 90' lang='lat' dir='ltr'>pontem</span> <span class='ocrx_word' id='word_1_160' title='bbox 853 1311 1069 1366; x_wconf 80' lang='lat' dir='ltr'>effugium.</span> <span class='ocrx_word' id='word_1_161' title='bbox 1131 1320 1170 1353; x_wconf 92' lang='lat' dir='ltr'>et</span> <span class='ocrx_word' id='word_1_162' title='bbox 1203 1327 1311 1367; x_wconf 83' lang='lat' dir='ltr'>gaza</span> <span class='ocrx_word' id='word_1_163' title='bbox 1342 1312 1460 1366; x_wconf 78' lang='lat' dir='ltr'>regia</span> <span class='ocrx_word' id='word_1_164' title='bbox 1490 1312 1533 1353; x_wconf 91' lang='grc'>111</span> <span class='ocrx_word' id='word_1_165' title='bbox 1559 1327 1606 1354; x_wconf 94' lang='lat' dir='ltr'>eo</span> 
     </span>
     <span class='ocr_line' id='line_1_24' title="bbox 246 1373 1606 1428; baseline -0.001 -13"><span class='ocrx_word' id='word_1_166' title='bbox 246 1375 338 1415; x_wconf 93' lang='lat' dir='ltr'>loco</span> <span class='ocrx_word' id='word_1_167' title='bbox 369 1382 476 1415; x_wconf 85' lang='lat' dir='ltr'>erat:</span> <span class='ocrx_word' id='word_1_168' title='bbox 514 1373 588 1415; x_wconf 91' lang='lat' dir='ltr'>sed</span> <span class='ocrx_word' id='word_1_169' title='bbox 625 1382 714 1414; x_wconf 89' lang='lat' dir='ltr'>tum</span> <span class='ocrx_word' id='word_1_170' title='bbox 745 1374 848 1414; x_wconf 90' lang='lat' dir='ltr'>nihil</span> <span class='ocrx_word' id='word_1_171' title='bbox 878 1382 1044 1428; x_wconf 87' lang='lat' dir='ltr'>praeter</span> <span class='ocrx_word' id='word_1_172' title='bbox 1074 1382 1260 1416; x_wconf 88' lang='lat' dir='ltr'>trecenta</span> <span class='ocrx_word' id='word_1_173' title='bbox 1290 1375 1466 1424; x_wconf 86' lang='lat' dir='ltr'>talenta,</span> <span class='ocrx_word' id='word_1_174' title='bbox 1499 1389 1606 1428; x_wconf 91' lang='lat' dir='ltr'>quae</span> 
     </span>
     <span class='ocr_line' id='line_1_25' title="bbox 247 1435 1605 1489; baseline 0.001 -13"><span class='ocrx_word' id='word_1_175' title='bbox 247 1437 373 1476; x_wconf 89' lang='lat' dir='ltr'>missa</span> <span class='ocrx_word' id='word_1_176' title='bbox 400 1435 555 1477; x_wconf 84' lang='lat' dir='ltr'>Gentio</span> <span class='ocrx_word' id='word_1_177' title='bbox 581 1436 688 1489; x_wconf 78' lang='lat' dir='ltr'>regi,</span> <span class='ocrx_word' id='word_1_178' title='bbox 716 1436 866 1477; x_wconf 83' lang='lat' dir='ltr'>deinde</span> <span class='ocrx_word' id='word_1_179' title='bbox 892 1444 1053 1477; x_wconf 86' lang='lat' dir='ltr'>retenta</span> <span class='ocrx_word' id='word_1_180' title='bbox 1077 1436 1262 1485; x_wconf 86' lang='lat' dir='ltr'>fuerant,</span> <span class='ocrx_word' id='word_1_181' title='bbox 1289 1436 1504 1477; x_wconf 87' lang='lat' dir='ltr'>inventum</span> <span class='ocrx_word' id='word_1_182' title='bbox 1531 1446 1605 1477; x_wconf 87' lang='lat' dir='ltr'>est.</span> 
     </span>
     <span class='ocr_line' id='line_1_26' title="bbox 248 1497 1606 1553; baseline 0.001 -16"><span class='ocrx_word' id='word_1_183' title='bbox 248 1513 323 1552; x_wconf 93' lang='lat' dir='ltr'>per</span> <span class='ocrx_word' id='word_1_184' title='bbox 347 1512 451 1550; x_wconf 89' lang='lat' dir='ltr'>quos</span> <span class='ocrx_word' id='word_1_185' title='bbox 483 1498 570 1538; x_wconf 85' lang='lat' dir='ltr'>dies</span> <span class='ocrx_word' id='word_1_186' title='bbox 601 1497 655 1537; x_wconf 86' lang='lat' dir='ltr'>ad</span> <span class='ocrx_word' id='word_1_187' title='bbox 679 1497 842 1538; x_wconf 88' lang='lat' dir='ltr'>Pellam</span> <span class='ocrx_word' id='word_1_188' title='bbox 869 1499 1020 1539; x_wconf 85' lang='lat' dir='ltr'>stativa</span> <span class='ocrx_word' id='word_1_189' title='bbox 1044 1498 1234 1546; x_wconf 87' lang='lat' dir='ltr'>fuerunt,</span> <span class='ocrx_word' id='word_1_190' title='bbox 1266 1499 1497 1553; x_wconf 76' lang='lat' dir='ltr'>legationes</span> <span class='ocrx_word' id='word_1_191' title='bbox 1524 1498 1606 1539; x_wconf 89' lang='lat' dir='ltr'>fre-</span> 
     </span>
     <span class='ocr_line' id='line_1_27' title="bbox 249 1559 1604 1614; baseline 0.001 -15"><span class='ocrx_word' id='word_1_192' title='bbox 249 1569 444 1612; x_wconf 89' lang='lat' dir='ltr'>quentes‚</span> <span class='ocrx_word' id='word_1_193' title='bbox 477 1573 585 1612; x_wconf 90' lang='lat' dir='ltr'>quae</span> <span class='ocrx_word' id='word_1_194' title='bbox 611 1559 664 1599; x_wconf 88' lang='lat' dir='ltr'>ad</span> <span class='ocrx_word' id='word_1_195' title='bbox 688 1560 986 1614; x_wconf 82' lang='lat' dir='ltr'>gratulandum</span> <span class='ocrx_word' id='word_1_196' title='bbox 1011 1568 1312 1608; x_wconf 82' lang='lat' dir='ltr'>convenerant,</span> <span class='ocrx_word' id='word_1_197' title='bbox 1346 1560 1526 1600; x_wconf 81' lang='lat' dir='ltr'>maxime</span> <span class='ocrx_word' id='word_1_198' title='bbox 1554 1575 1604 1601; x_wconf 78' lang='lat' dir='ltr'>ex</span> 
     </span>
     <span class='ocr_line' id='line_1_28' title="bbox 248 1621 1606 1676; baseline 0.001 -15"><span class='ocrx_word' id='word_1_199' title='bbox 248 1621 485 1669; x_wconf 82' lang='lat' dir='ltr'>Thessalia,</span> <span class='ocrx_word' id='word_1_200' title='bbox 523 1621 689 1662; x_wconf 89' lang='lat' dir='ltr'>auditae</span> <span class='ocrx_word' id='word_1_201' title='bbox 721 1630 830 1662; x_wconf 90' lang='lat' dir='ltr'>sunt.</span> <span class='ocrx_word' id='word_1_202' title='bbox 890 1622 1036 1662; x_wconf 87' lang='lat' dir='ltr'>nuntio</span> <span class='ocrx_word' id='word_1_203' title='bbox 1070 1622 1219 1663; x_wconf 87' lang='lat' dir='ltr'>deinde</span> <span class='ocrx_word' id='word_1_204' title='bbox 1252 1631 1423 1676; x_wconf 85' lang='lat' dir='ltr'>accepto</span> <span class='ocrx_word' id='word_1_205' title='bbox 1448 1622 1606 1663; x_wconf 87' lang='lat' dir='ltr'>Persea</span> 
     </span>
     <span class='ocr_line' id='line_1_29' title="bbox 249 1683 1606 1738; baseline -0.001 -13"><span class='ocrx_word' id='word_1_206' title='bbox 249 1683 568 1725; x_wconf 78' lang='lat' dir='ltr'>Samothracam</span> <span class='ocrx_word' id='word_1_207' title='bbox 593 1683 818 1731; x_wconf 84' lang='lat' dir='ltr'>traiecisse,</span> <span class='ocrx_word' id='word_1_208' title='bbox 843 1684 1055 1738; x_wconf 88' lang='lat' dir='ltr'>profectus</span> <span class='ocrx_word' id='word_1_209' title='bbox 1083 1700 1105 1724; x_wconf 90' lang='lat' dir='ltr'>a</span> <span class='ocrx_word' id='word_1_210' title='bbox 1130 1684 1251 1725; x_wconf 88' lang='lat' dir='ltr'>Pella</span> <span class='ocrx_word' id='word_1_211' title='bbox 1276 1685 1419 1725; x_wconf 87' lang='lat' dir='ltr'>consul</span> <span class='ocrx_word' id='word_1_212' title='bbox 1447 1684 1606 1737; x_wconf 82' lang='lat' dir='ltr'>quartis</span> 
     </span>
     <span class='ocr_line' id='line_1_30' title="bbox 250 1744 1604 1799; baseline -0.001 -13"><span class='ocrx_word' id='word_1_213' title='bbox 250 1745 394 1786; x_wconf 87' lang='lat' dir='ltr'>castris</span> <span class='ocrx_word' id='word_1_214' title='bbox 409 1744 700 1799; x_wconf 80' lang='lat' dir='ltr'>Amphipolim</span> <span class='ocrx_word' id='word_1_215' title='bbox 725 1746 928 1799; x_wconf 87' lang='lat' dir='ltr'>pervenit.</span> <span class='ocrx_word' id='word_1_216' title='bbox 967 1746 1101 1786; x_wconf 86' lang='lat' dir='ltr'>effusa</span> <span class='ocrx_word' id='word_1_217' title='bbox 1127 1747 1260 1787; x_wconf 88' lang='lat' dir='ltr'>omnis</span> <span class='ocrx_word' id='word_1_218' title='bbox 1287 1747 1455 1787; x_wconf 79' lang='lat' dir='ltr'>obviam</span> <span class='ocrx_word' id='word_1_219' title='bbox 1481 1746 1604 1786; x_wconf 81' lang='lat' dir='ltr'>turba</span> 
     </span>
     <span class='ocr_line' id='line_1_31' title="bbox 250 1805 1533 1862; baseline -0.001 -14"><span class='ocrx_word' id='word_1_220' title='bbox 250 1807 381 1848; x_wconf 83' lang='lat' dir='ltr'>cuivis</span> <span class='ocrx_word' id='word_1_221' title='bbox 406 1807 559 1848; x_wconf 90' lang='lat' dir='ltr'>indicio</span> <span class='ocrx_word' id='word_1_222' title='bbox 586 1814 671 1847; x_wconf 89' lang='lat' dir='ltr'>erat</span> <span class='ocrx_word' id='word_1_223' title='bbox 698 1822 780 1847; x_wconf 89' lang='lat' dir='ltr'>non</span> <span class='ocrx_word' id='word_1_224' title='bbox 806 1807 916 1847; x_wconf 89' lang='lat' dir='ltr'>bono</span> <span class='ocrx_word' id='word_1_225' title='bbox 942 1822 990 1848; x_wconf 89' lang='lat' dir='ltr'>ae</span> <span class='ocrx_word' id='word_1_226' title='bbox 1015 1808 1124 1848; x_wconf 90' lang='lat' dir='ltr'>iusto</span> <span class='ocrx_word' id='word_1_227' title='bbox 1151 1824 1248 1862; x_wconf 76' lang='lat' dir='ltr'>rege</span> <span class='ocrx_word' id='word_1_228' title='bbox 1276 1808 1375 1849; x_wconf 87' lang='lat' dir='ltr'>orba</span> <span class='ocrx_word' id='word_1_229' title='bbox 1396 1805 1435 1860; x_wconf 71' lang='lat'>[.</span> <span class='ocrx_word' id='word_1_230' title='bbox 1452 1840 1460 1848; x_wconf 91' lang='lat'><strong>.</strong></span> <span class='ocrx_word' id='word_1_231' title='bbox 1477 1839 1485 1847; x_wconf 91' lang='lat'>.</span> <span class='ocrx_word' id='word_1_232' title='bbox 1502 1806 1533 1862; x_wconf 81' lang='lat'>.]</span> 
     </span>
    </p>
   </div>
   <div class='ocr_carea' id='block_1_7' title="bbox 591 2025 1269 2071">
    <p class='ocr_par' dir='ltr' id='par_1_7' title="bbox 591 2025 1269 2071">
     <span class='ocr_line' id='line_1_32' title="bbox 591 2025 1269 2071; baseline 0.003 -11"><span class='ocrx_word' id='word_1_233' title='bbox 591 2025 864 2071; x_wconf 78' lang='lat' dir='ltr'>[PERIOCHA</span> <span class='ocrx_word' id='word_1_234' title='bbox 888 2026 1028 2061; x_wconf 71' lang='lat' dir='ltr'>LIBRI</span> <span class='ocrx_word' id='word_1_235' title='bbox 1052 2027 1269 2069; x_wconf 54' lang='lat' dir='ltr'>xxxxv]</span> 
     </span>
    </p>
   </div>
   <div class='ocr_carea' id='block_1_8' title="bbox 249 2116 1609 2672">
    <p class='ocr_par' dir='ltr' id='par_1_8' title="bbox 249 2116 1609 2672">
     <span class='ocr_line' id='line_1_33' title="bbox 319 2116 1605 2162; baseline 0.002 -12"><span class='ocrx_word' id='word_1_236' title='bbox 319 2116 491 2159; x_wconf 87' lang='lat' dir='ltr'>[Perseus</span> <span class='ocrx_word' id='word_1_237' title='bbox 507 2116 553 2150; x_wconf 88' lang='lat' dir='ltr'>ab</span> <span class='ocrx_word' id='word_1_238' title='bbox 567 2116 726 2151; x_wconf 84' lang='lat' dir='ltr'>Aemilio</span> <span class='ocrx_word' id='word_1_239' title='bbox 739 2117 857 2151; x_wconf 90' lang='lat' dir='ltr'>Paulo</span> <span class='ocrx_word' id='word_1_240' title='bbox 871 2118 908 2151; x_wconf 86' lang='lat' dir='ltr'>in</span> <span class='ocrx_word' id='word_1_241' title='bbox 923 2117 1160 2152; x_wconf 75' lang='lat' dir='ltr'>Samothrace</span> <span class='ocrx_word' id='word_1_242' title='bbox 1176 2122 1305 2162; x_wconf 87' lang='lat' dir='ltr'>captus</span> <span class='ocrx_word' id='word_1_243' title='bbox 1320 2122 1385 2152; x_wconf 84' lang='lat' dir='ltr'>est.</span> <span class='ocrx_word' id='word_1_244' title='bbox 1435 2130 1517 2156; x_wconf 87' lang='lat' dir='ltr'>cum</span> <span class='ocrx_word' id='word_1_245' title='bbox 1530 2120 1605 2153; x_wconf 87' lang='lat' dir='ltr'>An-</span> 
     </span>
     <span class='ocr_line' id='line_1_34' title="bbox 250 2166 1608 2215; baseline 0.001 -14"><span class='ocrx_word' id='word_1_246' title='bbox 250 2168 391 2201; x_wconf 88' lang='lat' dir='ltr'>tiochus</span> <span class='ocrx_word' id='word_1_247' title='bbox 408 2166 535 2212; x_wconf 79' lang='lat' dir='ltr'>Syriae</span> <span class='ocrx_word' id='word_1_248' title='bbox 554 2179 617 2202; x_wconf 75' lang='lat' dir='ltr'>rex</span> <span class='ocrx_word' id='word_1_249' title='bbox 631 2168 885 2203; x_wconf 82' lang='lat' dir='ltr'>Ptolemaeum</span> <span class='ocrx_word' id='word_1_250' title='bbox 905 2172 941 2203; x_wconf 78' lang='lat' dir='ltr'>et·</span> <span class='ocrx_word' id='word_1_251' title='bbox 955 2168 1189 2213; x_wconf 83' lang='lat' dir='ltr'>Cleopatram</span> <span class='ocrx_word' id='word_1_252' title='bbox 1202 2169 1367 2214; x_wconf 74' lang='lat' dir='ltr'>Aegypti</span> <span class='ocrx_word' id='word_1_253' title='bbox 1387 2180 1494 2215; x_wconf 82' lang='lat' dir='ltr'>reges</span> <span class='ocrx_word' id='word_1_254' title='bbox 1513 2170 1608 2203; x_wconf 91' lang='lat' dir='ltr'>obsi-</span> 
     </span>
     <span class='ocr_line' id='line_1_35' title="bbox 251 2216 1609 2265; baseline 0.004 -16"><span class='ocrx_word' id='word_1_255' title='bbox 251 2219 353 2253; x_wconf 76' lang='lat' dir='ltr'>deret</span> <span class='ocrx_word' id='word_1_256' title='bbox 373 2223 409 2253; x_wconf 82' lang='lat' dir='ltr'>et</span> <span class='ocrx_word' id='word_1_257' title='bbox 428 2219 546 2252; x_wconf 87' lang='lat' dir='ltr'>missis</span> <span class='ocrx_word' id='word_1_258' title='bbox 569 2219 616 2253; x_wconf 84' lang='lat' dir='ltr'>ad</span> <span class='ocrx_word' id='word_1_259' title='bbox 637 2231 719 2253; x_wconf 87' lang='lat' dir='ltr'>eum</span> <span class='ocrx_word' id='word_1_260' title='bbox 732 2231 753 2253; x_wconf 88' lang='lat' dir='ltr'>a</span> <span class='ocrx_word' id='word_1_261' title='bbox 768 2216 898 2253; x_wconf 80' lang='lat' dir='ltr'>senatu</span> <span class='ocrx_word' id='word_1_262' title='bbox 917 2220 1060 2265; x_wconf 77' lang='lat' dir='ltr'>legatiS,</span> <span class='ocrx_word' id='word_1_263' title='bbox 1088 2219 1150 2264; x_wconf 88' lang='lat' dir='ltr'>qui</span> <span class='ocrx_word' id='word_1_264' title='bbox 1168 2220 1336 2254; x_wconf 81' lang='lat' dir='ltr'>iuberent</span> <span class='ocrx_word' id='word_1_265' title='bbox 1357 2220 1403 2253; x_wconf 90' lang='lat' dir='ltr'>ab</span> <span class='ocrx_word' id='word_1_266' title='bbox 1419 2221 1609 2256; x_wconf 83' lang='lat' dir='ltr'>obsidione</span> 
     </span>
     <span class='ocr_line' id='line_1_36' title="bbox 250 2269 1608 2316; baseline 0.004 -15"><span class='ocrx_word' id='word_1_267' title='bbox 250 2269 339 2302; x_wconf 80' lang='lat' dir='ltr'>socii</span> <span class='ocrx_word' id='word_1_268' title='bbox 356 2269 455 2314; x_wconf 83' lang='lat' dir='ltr'>regis</span> <span class='ocrx_word' id='word_1_269' title='bbox 476 2270 689 2313; x_wconf 77' lang='lat' dir='ltr'>absisteret,</span> <span class='ocrx_word' id='word_1_270' title='bbox 717 2271 897 2314; x_wconf 80' lang='lat' dir='ltr'>editisque</span> <span class='ocrx_word' id='word_1_271' title='bbox 917 2270 1102 2304; x_wconf 83' lang='lat' dir='ltr'>mandatis</span> <span class='ocrx_word' id='word_1_272' title='bbox 1122 2271 1436 2305; x_wconf 85' lang='lat' dir='ltr'>consideraturum</span> <span class='ocrx_word' id='word_1_273' title='bbox 1456 2283 1494 2306; x_wconf 85' lang='lat' dir='ltr'>se</span> <span class='ocrx_word' id='word_1_274' title='bbox 1521 2272 1608 2316; x_wconf 86' lang='lat' dir='ltr'>quid</span> 
     </span>
     <span class='ocr_line' id='line_1_37' title="bbox 249 2319 1608 2368; baseline 0.004 -16"><span class='ocrx_word' id='word_1_275' title='bbox 249 2319 458 2353; x_wconf 83' lang='lat' dir='ltr'>faciendum</span> <span class='ocrx_word' id='word_1_276' title='bbox 474 2325 569 2354; x_wconf 81' lang='lat' dir='ltr'>esset</span> <span class='ocrx_word' id='word_1_277' title='bbox 582 2321 845 2365; x_wconf 84' lang='lat' dir='ltr'>respondisset,</span> <span class='ocrx_word' id='word_1_278' title='bbox 861 2333 954 2354; x_wconf 91' lang='lat' dir='ltr'>unus</span> <span class='ocrx_word' id='word_1_279' title='bbox 968 2333 1011 2355; x_wconf 77' lang='lat' dir='ltr'>ex</span> <span class='ocrx_word' id='word_1_280' title='bbox 1024 2321 1158 2366; x_wconf 84' lang='lat' dir='ltr'>legatis</span> <span class='ocrx_word' id='word_1_281' title='bbox 1172 2321 1352 2365; x_wconf 90' lang='lat' dir='ltr'>Popillius</span> <span class='ocrx_word' id='word_1_282' title='bbox 1366 2322 1470 2367; x_wconf 76' lang='lat' dir='ltr'>virga</span> <span class='ocrx_word' id='word_1_283' title='bbox 1482 2333 1608 2368; x_wconf 87' lang='lat' dir='ltr'>regem</span> 
     </span>
     <span class='ocr_line' id='line_1_38' title="bbox 251 2369 1607 2417; baseline 0.003 -15"><span class='ocrx_word' id='word_1_284' title='bbox 251 2369 533 2414; x_wconf 81' lang='lat' dir='ltr'>circumscripsit</span> <span class='ocrx_word' id='word_1_285' title='bbox 553 2371 742 2416; x_wconf 75' lang='lat' dir='ltr'>iussitque,</span> <span class='ocrx_word' id='word_1_286' title='bbox 771 2376 969 2416; x_wconf 80' lang='lat' dir='ltr'>antequam</span> <span class='ocrx_word' id='word_1_287' title='bbox 995 2372 1129 2406; x_wconf 84' lang='lat' dir='ltr'>circulo</span> <span class='ocrx_word' id='word_1_288' title='bbox 1156 2373 1366 2414; x_wconf 79' lang='lat' dir='ltr'>excederet,</span> <span class='ocrx_word' id='word_1_289' title='bbox 1393 2384 1607 2417; x_wconf 84' lang='lat' dir='ltr'>responsum</span> 
     </span>
     <span class='ocr_line' id='line_1_39' title="bbox 251 2417 1606 2468; baseline 0.004 -17"><span class='ocrx_word' id='word_1_290' title='bbox 251 2417 366 2453; x_wconf 81' lang='lat' dir='ltr'>daret.</span> <span class='ocrx_word' id='word_1_291' title='bbox 401 2431 473 2463; x_wconf 88' lang='lat' dir='ltr'>qua</span> <span class='ocrx_word' id='word_1_292' title='bbox 488 2422 685 2464; x_wconf 63' lang='lat' dir='ltr'>asperitate</span> <span class='ocrx_word' id='word_1_293' title='bbox 701 2423 835 2466; x_wconf 83' lang='lat' dir='ltr'>effecit,</span> <span class='ocrx_word' id='word_1_294' title='bbox 855 2427 895 2457; x_wconf 87' lang='lat' dir='ltr'>ut</span> <span class='ocrx_word' id='word_1_295' title='bbox 909 2423 1114 2456; x_wconf 79' lang='lat' dir='ltr'>Antiochus</span> <span class='ocrx_word' id='word_1_296' title='bbox 1128 2423 1266 2457; x_wconf 85' lang='lat' dir='ltr'>bellum</span> <span class='ocrx_word' id='word_1_297' title='bbox 1280 2423 1474 2458; x_wconf 85' lang='lat' dir='ltr'>omitteret.</span> <span class='ocrx_word' id='word_1_298' title='bbox 1506 2424 1606 2468; x_wconf 86' lang='lat' dir='ltr'>lega-</span> 
     </span>
     <span class='ocr_line' id='line_1_40' title="bbox 252 2470 1606 2519; baseline 0.004 -17"><span class='ocrx_word' id='word_1_299' title='bbox 252 2470 370 2503; x_wconf 83' lang='lat' dir='ltr'>tiones</span> <span class='ocrx_word' id='word_1_300' title='bbox 385 2471 648 2515; x_wconf 78' lang='lat' dir='ltr'>gratulantium</span> <span class='ocrx_word' id='word_1_301' title='bbox 670 2475 887 2517; x_wconf 88' lang='lat' dir='ltr'>populorum</span> <span class='ocrx_word' id='word_1_302' title='bbox 908 2478 1018 2518; x_wconf 83' lang='lat' dir='ltr'>atque</span> <span class='ocrx_word' id='word_1_303' title='bbox 1037 2486 1167 2519; x_wconf 81' lang='lat' dir='ltr'>regum</span> <span class='ocrx_word' id='word_1_304' title='bbox 1179 2474 1217 2508; x_wconf 88' lang='lat' dir='ltr'>in</span> <span class='ocrx_word' id='word_1_305' title='bbox 1232 2478 1399 2508; x_wconf 79' lang='lat' dir='ltr'>senatum</span> <span class='ocrx_word' id='word_1_306' title='bbox 1414 2474 1606 2517; x_wconf 83' lang='lat' dir='ltr'>admissae,</span> 
     </span>
     <span class='ocr_line' id='line_1_41' title="bbox 255 2521 1605 2570; baseline 0.004 -18"><span class='ocrx_word' id='word_1_307' title='bbox 255 2521 486 2563; x_wconf 71' lang='lat' dir='ltr'>Rhodiorum,</span> <span class='ocrx_word' id='word_1_308' title='bbox 508 2522 568 2565; x_wconf 88' lang='lat' dir='ltr'>qui</span> <span class='ocrx_word' id='word_1_309' title='bbox 584 2534 626 2555; x_wconf 88' lang='lat' dir='ltr'>eo</span> <span class='ocrx_word' id='word_1_310' title='bbox 640 2522 737 2557; x_wconf 86' lang='lat' dir='ltr'>bello</span> <span class='ocrx_word' id='word_1_311' title='bbox 752 2529 877 2558; x_wconf 86' lang='lat' dir='ltr'>contra</span> <span class='ocrx_word' id='word_1_312' title='bbox 891 2525 1066 2569; x_wconf 86' lang='lat' dir='ltr'>populum</span> <span class='ocrx_word' id='word_1_313' title='bbox 1079 2526 1285 2559; x_wconf 83' lang='lat' dir='ltr'>Romanum</span> <span class='ocrx_word' id='word_1_314' title='bbox 1300 2525 1411 2570; x_wconf 78' lang='lat' dir='ltr'>[regi]</span> <span class='ocrx_word' id='word_1_315' title='bbox 1427 2525 1605 2566; x_wconf 79' lang='lat' dir='ltr'>faverant,</span> 
     </span>
     <span class='ocr_line' id='line_1_42' title="bbox 253 2571 1605 2620; baseline 0.003 -15"><span class='ocrx_word' id='word_1_316' title='bbox 253 2571 409 2605; x_wconf 73' lang='lat' dir='ltr'>exclusa.</span> <span class='ocrx_word' id='word_1_317' title='bbox 436 2576 582 2614; x_wconf 84' lang='lat' dir='ltr'>postera</span> <span class='ocrx_word' id='word_1_318' title='bbox 597 2573 654 2607; x_wconf 82' lang='lat' dir='ltr'>die</span> <span class='ocrx_word' id='word_1_319' title='bbox 670 2585 751 2607; x_wconf 84' lang='lat' dir='ltr'>cum</span> <span class='ocrx_word' id='word_1_320' title='bbox 767 2575 810 2608; x_wconf 87' lang='lat' dir='ltr'>de</span> <span class='ocrx_word' id='word_1_321' title='bbox 826 2586 868 2608; x_wconf 78' lang='lat' dir='ltr'>eo</span> <span class='ocrx_word' id='word_1_322' title='bbox 883 2580 1132 2620; x_wconf 66' lang='lat' dir='ltr'>qmzereretm,</span> <span class='ocrx_word' id='word_1_323' title='bbox 1158 2580 1199 2610; x_wconf 79' lang='lat' dir='ltr'>ut</span> <span class='ocrx_word' id='word_1_324' title='bbox 1214 2576 1266 2610; x_wconf 88' lang='lat' dir='ltr'>eis</span> <span class='ocrx_word' id='word_1_325' title='bbox 1279 2575 1416 2610; x_wconf 86' lang='lat' dir='ltr'>bellum</span> <span class='ocrx_word' id='word_1_326' title='bbox 1429 2575 1605 2609; x_wconf 78' lang='lat' dir='ltr'>indicere·</span> 
     </span>
     <span class='ocr_line' id='line_1_43' title="bbox 251 2623 1604 2672; baseline 0.005 -21"><span class='ocrx_word' id='word_1_327' title='bbox 251 2626 320 2665; x_wconf 76' lang='lat' dir='ltr'>tur,</span> <span class='ocrx_word' id='word_1_328' title='bbox 347 2633 493 2655; x_wconf 78' lang='lat' dir='ltr'>causam</span> <span class='ocrx_word' id='word_1_329' title='bbox 515 2623 551 2656; x_wconf 87' lang='lat' dir='ltr'>in</span> <span class='ocrx_word' id='word_1_330' title='bbox 571 2627 701 2657; x_wconf 80' lang='lat' dir='ltr'>senatu</span> <span class='ocrx_word' id='word_1_331' title='bbox 719 2626 862 2668; x_wconf 79' lang='lat' dir='ltr'>patriae</span> <span class='ocrx_word' id='word_1_332' title='bbox 883 2637 969 2660; x_wconf 82' lang='lat' dir='ltr'>suae</span> <span class='ocrx_word' id='word_1_333' title='bbox 984 2626 1099 2671; x_wconf 82' lang='lat' dir='ltr'>legati</span> <span class='ocrx_word' id='word_1_334' title='bbox 1119 2629 1284 2672; x_wconf 79' lang='lat' dir='ltr'>egerunt.</span> <span class='ocrx_word' id='word_1_335' title='bbox 1334 2637 1401 2659; x_wconf 85' lang='grc'>1100</span> <span class='ocrx_word' id='word_1_336' title='bbox 1420 2629 1604 2669; x_wconf 81' lang='lat' dir='ltr'>tamquam</span> 
     </span>
    </p>
   </div>
  </div>
 </body>
</html>
