1804 2926
270 142 323 182 96
518 151 671 185 LIBER
697 151 924 193 XXXXIII,
953 152 1004 184 11.
1033 155 1081 191 [a.
1098 161 1130 183 11.
1147 151 1369 193 0591585]

227 269 238 296 1
354 254 436 293 Xl.
476 254 595 293 Haec
621 261 659 294 et
694 254 774 294 alia
798 253 911 294 haud
942 268 1139 307 prospere
1164 254 1206 294 in
1232 253 1484 295 Macedonia
1507 264 1626 309 gesta

269 331 320 357 ex
343 315 472 356 Sexto
487 315 649 369 Digitio
676 315 843 355 tribuno
869 315 1062 364 militum,
1088 315 1159 369 qui
1186 316 1375 357 sacrificii
1394 332 1521 358 causa
1541 316 1627 357 Ro-

225 393 243 421 2
268 393 380 418 mam
406 384 590 426 venerat,
617 385 714 417 sunt
739 377 894 418 audita.
933 385 1103 431 propter
1123 392 1231 431 quae
1252 378 1372 418 veriti
1397 386 1549 433 patres,
1574 393 1626 419 nc

268 455 353 492 qua
376 439 507 480 maior
532 439 761 493 ignominia
786 440 1056 493 acciperetur,
1083 440 1243 494 legatos
1269 441 1311 481 in
1326 441 1626 483 Blzrcedoliiam

267 501 330 541 M.
346 501 545 541 Fulvium
565 501 768 542 Flaccum
794 509 835 542 et
858 501 922 541 M.
940 500 1167 542 Caninium
1188 502 1385 544 Rebilum
1410 503 1626 552 miserunt,

223 578 241 606 3
267 563 339 616 qui
371 570 571 617 conperta
602 578 710 617 quae
744 571 969 618 agerentur
999 564 1221 605 referrent:
1254 572 1295 606 et
1319 572 1365 606 ut
1389 565 1444 606 A.
1472 565 1626 606 Atilius

268 625 414 665 consul
437 625 604 665 comitia
626 626 866 666 consulibus
887 626 1084 679 rogandis
1104 626 1161 666 ita
1181 626 1373 676 ediceret,
1398 627 1458 667 uti
1484 642 1626 668 mense

268 686 465 728 Ianuario
491 687 659 727 comitia
687 694 846 735 essent,
881 695 919 728 et
945 695 991 728 ut
1020 688 1153 742 primo
1180 702 1346 742 quoque
1372 696 1558 743 tempore
1584 689 1625 729 in

223 765 241 792 4
268 749 415 790 urbem
440 749 610 790 rediret.
648 750 813 791 interim
832 751 894 790 M.
910 750 1066 791 Raecio
1092 751 1273 805 praetori
1298 751 1555 800 mandatum,
1580 759 1626 791 ut

268 811 402 852 edicto
428 818 639 853 senatores
661 826 805 852 omnes
827 827 877 852 ex
898 819 985 852 tota
1000 812 1134 861 Italia,
1160 812 1240 852 nisi
1265 813 1337 865 qui
1356 812 1415 853 rei
1433 813 1626 867 publicae

223 887 241 915 5
267 887 393 913 causa
417 873 624 921 abessent,
650 873 829 914 Romam
854 881 1087 914 revocaret:
1113 874 1185 926 qui
1211 874 1373 915 Romae
1398 882 1549 923 essent,
1574 890 1626 916 ne

268 934 360 987 quis
381 934 490 974 ultra
509 935 621 974 mille
642 949 843 988 passuum
857 935 910 975 ab
926 935 1062 975 Roma
1081 935 1258 975 abesset.
1297 950 1358 983 ea,
1378 935 1439 975 uti
1459 943 1626 977 senatus

268 996 442 1045 censuit,
469 1004 563 1036 sunt
583 997 706 1037 facta.
745 997 912 1037 comitia
932 997 1167 1037 consularia
1185 1004 1280 1038 ante
1302 997 1412 1038 diem
1434 997 1627 1050 quintum

223 1074 241 1100 (ς
267 1057 349 1098 kal.
374 1058 628 1099 Februarias
660 1058 790 1100 fuere.
852 1058 980 1099 creati
1013 1059 1203 1100 consules
1236 1066 1332 1099 sunt
1358 1058 1412 1111 Q.
1438 1059 1626 1100 Marcius

225 1134 240 1162 7
267 1120 492 1174 Philippus
529 1121 681 1161 iterum
718 1128 758 1162 et
792 1119 872 1161 Cn.
907 1120 1110 1161 Servilius
1144 1119 1316 1175 Caepio.
1387 1128 1482 1175 post
1518 1121 1625 1162 diem

267 1184 435 1224 tertium
466 1191 676 1238 praetores
709 1192 804 1225 sunt
835 1184 935 1225 facti
968 1182 1018 1224 C.
1045 1183 1288 1232 Decimius,
1324 1184 1387 1224 M.
1423 1182 1626 1224 Claudius

267 1246 511 1294 BIarcelluffi
539 1244 588 1286 C.
606 1245 818 1301 Sulpicius
841 1246 1005 1295 Gallus,
1035 1244 1084 1287 C.
1106 1246 1293 1287 Marcius
1315 1246 1507 1300 Figulus,
1535 1244 1625 1287 Ser.

222 1318 241 1348 ὃ
269 1308 490 1348 Cornelius
511 1308 734 1357 Lentulus,
760 1308 810 1349 P.
826 1308 1028 1349 Fonteius
1052 1307 1216 1362 Capito.
1255 1308 1481 1362 designatis
1506 1322 1626 1362 prae-

268 1370 427 1410 toribus
463 1377 627 1423 praeter
664 1370 768 1411 duas
806 1371 988 1411 urbanas
1021 1378 1219 1423 quattuor
1254 1369 1493 1424 provinciae
1530 1379 1625 1410 sunt

269 1431 474 1480 decretae,
500 1431 709 1485 Hispania
735 1440 775 1472 et
802 1432 998 1473 Sardinia
1023 1440 1063 1473 et
1090 1431 1234 1473 Sicilia
1261 1439 1299 1472 et
1326 1431 1481 1472 classis.

225 1506 242 1533 9
354 1492 509 1547 Legati
535 1509 587 1533 ex
599 1494 854 1534 Macedonia
879 1501 1026 1535 exacto
1053 1494 1280 1534 admodum
1306 1508 1448 1534 mense
1463 1493 1624 1534 Febru-

271 1553 358 1595 ario
383 1554 611 1595 redierunt.
648 1555 691 1594 hi
723 1570 826 1608 quas
859 1571 925 1596 res
951 1571 1000 1596 ea
1025 1562 1181 1596 aestate
1206 1569 1403 1609 prospere
1428 1555 1624 1608 gessisset

271 1632 344 1658 rex
375 1616 557 1657 Perseus
590 1617 827 1658 referebant
859 1624 1123 1671 quantusque
1163 1617 1287 1657 timor
1318 1617 1450 1657 socios
1482 1616 1625 1671 populi

269 1679 449 1720 Romani
475 1680 652 1734 cepisset
676 1687 735 1720 tot
758 1681 932 1721 urbibus
957 1680 1000 1720 in
1024 1687 1272 1734 potestatem
1291 1679 1401 1734 regis
1427 1680 1624 1720 redactis:

206 1756 245 1784 10
271 1741 502 1782 exercitum
522 1742 702 1782 consulis
723 1742 1029 1795 infrequentem
1050 1742 1350 1782 commeatibus
1372 1742 1498 1796 vulgo
1519 1741 1626 1781 datis

268 1818 342 1857 per
367 1803 636 1844 ambitionem
663 1819 751 1845 esse
761 1821 770 1853 3
798 1805 964 1858 culpam
993 1803 1080 1845 eius
1107 1803 1165 1844 rei
1191 1803 1404 1844 consulem
1428 1803 1470 1844 in
1496 1803 1626 1843 tribu-

205 1879 240 1909 11
269 1880 344 1906 nos
370 1865 563 1914 militum,
590 1875 733 1906 contra
757 1867 850 1906 illos
874 1866 918 1906 in
943 1866 1158 1906 consulem
1183 1864 1384 1905 conferre.
1448 1865 1626 1919 ignomi-

268 1927 381 1967 niam
402 1926 554 1967 Claudi
578 1928 810 1969 temeritate
836 1935 1051 1983 acceptam
1077 1927 1240 1969 elevare
1270 1941 1340 1968 eos
1366 1934 1505 1982 patres
1531 1942 1627 1968 cen-

270 1996 462 2037 suerunt3
501 1989 656 2044 quippe
688 2004 920 2044 perpaucos
947 1989 1081 2030 Italici
1114 1989 1278 2044 generis
1304 1996 1345 2029 et
1375 2004 1529 2043 magna
1555 1987 1627 2044 [ex

269 2049 407 2105 parte]
434 2052 704 2092 tumultuario
731 2052 887 2093 dilectu
912 2052 1169 2106 conscriptos
1195 2051 1252 2091 ibi
1277 2051 1427 2092 milites
1453 2051 1626 2092 amissos

207 2126 243 2154 12
270 2113 518 2154 referebant.
580 2115 771 2155 consules
799 2114 1004 2169 designati
1030 2114 1102 2154 ubi
1127 2114 1309 2168 primum
1333 2113 1625 2168 magistratum

270 2175 454 2224 inissent,
482 2175 532 2216 de
546 2175 800 2217 Macedonia
824 2177 979 2218 referre
1005 2176 1058 2217 ad
1082 2183 1274 2217 senatum
1298 2175 1420 2224 iussi3
1447 2175 1627 2217 destina-

271 2245 421 2289 taeque
446 2237 686 2290 provinciae
710 2240 744 2278 is
771 2245 867 2278 sunt,
891 2239 1014 2279 Italia
1038 2246 1079 2279 et
1103 2237 1370 2278 Macedonia.

208 2310 245 2338 13
356 2300 452 2339 IIoc
485 2315 593 2340 anno
630 2300 923 2341 intercalatum
961 2308 1040 2350 est3
1078 2300 1199 2341 tertio
1237 2299 1303 2340 die
1339 2306 1433 2353 post
1464 2299 1627 2340 Termi-

271 2360 382 2399 nalia
405 2360 608 2402 kalendae
633 2362 918 2404 intercalariae
944 2363 1075 2404 fuere.
1137 2362 1372 2402 sacerdotes
1398 2362 1506 2402 intra
1531 2376 1625 2402 eum

273 2435 429 2461 annum
454 2423 605 2462 mortui
631 2430 739 2471 sunt,
762 2424 813 2464 L.
829 2424 1091 2465 Flamininus
1118 2423 1297 2479 [augur.
1314 2454 1323 2463 .
1339 2421 1384 2477 .]‚
1411 2423 1626 2477 pontifices

274 2483 356 2522 duo
383 2482 662 2531 decesserunt,
689 2485 741 2524 L.
758 2486 911 2526 Furius
932 2486 1081 2526 Philus
1107 2493 1147 2527 et
1172 2484 1222 2526 C.
1238 2485 1387 2525 Livius
1403 2484 1625 2525 Salinator.

273 2546 316 2585 111
340 2545 475 2586 locum
502 2545 620 2586 Furii
645 2546 694 2585 T.
715 2547 924 2588 Manlium
950 2549 1226 2602 Torquatum,
1252 2548 1295 2588 in
1320 2547 1418 2587 Livi
1443 2547 1505 2586 M.
1529 2545 1626 2587 Ser-

276 2606 419 2647 vilium
444 2606 659 2661 pontifices
686 2608 890 2662 legerunt.
