1804 2926
497 148 647 182 Lissrn
671 146 875 189 xxxxv,
904 146 1032 178 1213.
1062 145 1262 188 [1101051
1477 137 1551 176 1131

202 252 452 308 consultum]
489 252 689 306 sci-Iptum
721 249 913 290 habentis
945 249 1068 289 tradit
1102 257 1227 302 atquc
1253 249 1438 290 omnium
1470 249 1554 303 pri-

200 331 315 358 mum
338 315 382 355 id
405 316 546 369 legere
570 314 698 354 iubet.
737 312 889 366 quibus
914 311 1107 366 perlectis
1127 326 1222 352 011111
1248 327 1292 352 se
1318 311 1554 352 considera-

200 372 339 421 turum
359 377 555 418 adhibitis
576 376 733 424 amicis,
759 375 860 429 quid
881 374 1120 415 faciendum
1141 375 1219 416 sibi
1241 382 1349 416 esset
1369 374 1554 422 dixisset,

199 439 425 495 Popillius,
461 453 536 493 pro
570 446 708 479 cetera
744 437 968 491 asperitate
1006 437 1154 487 animi,
1192 437 1311 492 virga
1347 451 1475 490 quam
1511 436 1554 476 in

200 517 325 543 manu
356 501 530 556 gerebat
561 499 886 554 circumscripsit
918 514 1063 554 regem
1093 514 1142 540 ac
1178 500 1445 554 ‘priusquam
1476 497 1554 538 hoc

200 564 352 605 circulo
379 562 577 604 excedas'
609 562 745 616 inquit
775 562 921 603 ‘redde
953 576 1219 616 responsum,
1252 561 1416 603 senatui
1441 560 1554 614 quod

198 626 403 668 refera1n.’
463 625 779 680 obstupefactus
806 634 890 665 tam
922 625 1103 666 violento
1129 625 1303 680 imperio
1329 638 1554 679 parumper

199 703 294 729 cum
325 687 590 736 haesitasset,
628 687 817 728 ‘faciam’
849 687 984 741 inquit
1020 688 1153 741 ‘quod
1185 695 1325 728 censet
1358 685 1553 727 senatus.’

198 758 288 790 tum
314 750 483 790 demum
495 749 701 804 Popillius
722 750 911 790 dextram
936 749 1026 804 regi
1051 758 1265 803 tamquam
1292 748 1403 789 socio
1429 755 1555 801 atque

198 812 331 853 11111100
351 812 548 866 porrexit.
586 812 652 853 die
673 812 822 853 deinde
844 812 961 852 finita
979 827 1075 853 cum
1095 812 1341 854 excessisset
1354 812 1555 866 Aegypto

198 875 456 923 Antiochus,
489 875 638 930 legati,
672 875 894 916 concordia
920 875 1045 915 etiam
1071 874 1318 915 auctoritate
1344 889 1420 914 sua
1448 873 1556 913 inter

199 937 348 978 fratres
373 937 556 986 firmata,
589 937 697 978 111101
721 952 826 991 quos
859 937 1033 977 vixdum
1058 944 1310 978 convenerat
1334 951 1436 990 pax,
1469 934 1556 989 Cy-

198 1015 321 1054 prum
334 999 535 1054 navigant
549 1006 589 1040 et
608 999 718 1047 inde,
745 1014 852 1053 (111110
873 999 955 1039 iam
970 999 1126 1040 vicerat
1145 998 1303 1053 proelio
1317 997 1555 1052 Aegyptias

199 1078 347 1112 naves,
384 1062 559 1103 classem
585 1061 786 1102 Antiochi
817 1061 1042 1102 dimittunt.
1092 1062 1204 1102 clara
1235 1076 1285 1102 ea
1315 1075 1389 1115 per
1418 1058 1555 1114 gentis

199 1125 353 1179 legatio
379 1124 477 1172 fuit,
509 1124 623 1177 quod
653 1123 767 1164 haud
799 1123 924 1164 dubie
951 1124 1146 1178 adempta
1170 1123 1383 1164 Antiocho
1408 1122 1556 1176 Aegy-

200 1195 296 1240 ptus
335 1186 505 1227 habenti
547 1186 630 1226 iam
667 1185 960 1239 redditumque
1003 1185 1186 1240 patrium
1222 1200 1400 1240 regnum
1437 1183 1556 1238 stirpi

198 1249 429 1289 Ptolemaei
456 1248 605 1289 fuerat.

286 1309 519 1350 Consulum
550 1309 639 1350 eius
671 1309 769 1350 anni
799 1309 908 1350 sicut
939 1308 1109 1350 alterius
1140 1309 1276 1351 clarus
1314 1309 1555 1350 consulatus

198 1372 351 1426 insigni
377 1371 562 1420 victoria,
587 1371 645 1412 ita
670 1371 838 1412 alterius
860 1371 1039 1412 obseura
1064 1371 1191 1420 fama,
1217 1372 1316 1424 quia
1339 1371 1557 1412 materiam

198 1449 263 1474 res
288 1433 461 1487 gerendi
491 1448 575 1473 non
600 1433 757 1473 habuit.
806 1433 890 1473 iam
915 1433 1096 1487 primum
1122 1448 1217 1474 011111
1242 1433 1477 1487 legionibus
1503 1433 1556 1473 ad

198 1495 530 1537 conveniendum
546 1494 697 1550 [diem]
714 1495 831 1544 dixit,
857 1510 941 1536 non
960 1496 1176 1550 auspicato
1202 1496 1406 1550 templum
1430 1495 1557 1535 intra-

197 1558 268 1598 vit.
306 1558 405 1598 vitio
426 1558 536 1598 diem
562 1558 716 1599 dictam
743 1573 833 1599 esse
859 1573 1054 1613 augures,
1081 1572 1178 1599 011111
1203 1558 1257 1598 11(1
1283 1572 1352 1599 eos
1378 1558 1556 1598 relatum

198 1628 272 1669 est,
299 1620 586 1661 decreverunt.
623 1620 835 1675 profectus
861 1621 904 1661 in
919 1620 1104 1662 Galliam
1124 1620 1233 1661 circa
1246 1620 1417 1661 Macros
1444 1634 1557 1660 011111-

197 1697 272 1737 pos
310 1682 363 1722 ad
406 1683 557 1723 montis
596 1682 843 1724 Siciminam
881 1690 921 1724 ct
958 1683 1170 1737 Papinum
1209 1682 1360 1723 stativa
1396 1682 1555 1729 habuit,

199 1744 348 1784 deinde
369 1744 478 1785 circa
498 1744 644 1785 eadem
669 1745 761 1786 loca
787 1760 883 1786 cum
910 1745 1031 1785 sociis
1056 1745 1235 1785 nominis
1250 1744 1393 1785 Latini
1419 1744 1558 1784 hiber-

198 1806 344 1854 nabat3
382 1806 568 1860 legiones
600 1808 835 1856 Romanae,
874 1807 987 1860 quod
1019 1807 1119 1848 vitio
1152 1807 1239 1848 dies
1271 1806 1472 1848 exercitui
1504 1805 1557 1846 ad

200 1867 533 1908 conveniendum
555 1868 666 1908 dicta
686 1876 786 1917 erat,
813 1869 974 1910 Romae
995 1877 1246 1910 manserant.
1286 1876 1326 1910 et
1344 1876 1556 1923 praetores

199 1935 363 1983 praeter
384 1928 432 1969 C.
448 1929 667 1983 Papirium
690 1929 942 1978 Carbonem,
969 1931 1036 1972 cui
1058 1931 1254 1972 Sardinia
1279 1938 1489 1979 evenerat,
1514 1930 1557 1969 in

200 1990 436 2045 provincias
461 1990 558 2031 iere.
619 1992 798 2032 eundem
822 1992 886 2032 ius
913 1993 1050 2033 dicere
1075 1993 1237 2033 Romae
1262 2016 1317 2020 —
1340 2007 1438 2032 nam
1464 2007 1557 2032 eam

201 2067 368 2106 (1110(1110
394 2060 548 2093 sortem
570 2053 753 2094 habebat
767 2055 941 2096 —inter
961 2054 1073 2095 cives
1094 2062 1134 2095 et
1154 2054 1398 2109 peregrinos
1417 2061 1556 2108 patres

202 2122 461 2155 censuerant.

285 2176 417 2216 XIII.
443 2177 499 2218 Vt
520 2176 725 2231 Popillius
746 2185 787 2218 et
815 2193 864 2218 ea
887 2178 1041 2231 legatio
1062 2192 1170 2230 (111110
1191 2177 1318 2218 missa
1338 2177 1391 2218 ad
1405 2177 1556 2217 Antio-

202 2238 328 2279 chum
363 2246 450 2278 erat
479 2238 658 2279 Romam
683 2239 817 2288 rediit,
842 2240 1014 2288 rettulit,
1040 2239 1343 2280 controversias
1363 2239 1470 2280 iuter
1494 2254 1558 2280 re-

202 2315 276 2354 ges
310 2300 495 2340 sublatas
527 2315 617 2341 esse
651 2301 965 2354 exercitumque
998 2317 1050 2342 ex
1080 2301 1280 2355 Aegypto
1312 2301 1354 2342 in
1389 2300 1557 2355 Syriam

203 2362 432 2402 reductum.
470 2369 565 2415 post
588 2362 773 2417 ipsorum
794 2378 941 2417 regum
961 2363 1089 2418 legati
1111 2370 1328 2412 venerunt,
1355 2363 1557 2404 Antiochi

202 2423 332 2477 legati
356 2423 602 2472 referentes,
630 2425 742 2465 omni
768 2425 940 2466 victoria
963 2425 1166 2480 potiorem
1192 2440 1340 2480 pacem
1365 2425 1467 2480 regi,
1495 2440 1558 2466 se-

202 2485 319 2525 natui
350 2499 457 2538 quae
493 2486 737 2540 placuisset,
775 2488 907 2528 visam
940 2502 1118 2541 eumque
1148 2487 1250 2528 haut
1281 2502 1401 2528 secus
1431 2502 1558 2541 quam

204 2546 376 2586 deorum
406 2546 579 2601 imperio
610 2548 846 2603 legatorum
876 2549 1163 2591 Romanorum
1195 2549 1319 2591 iussis
1354 2549 1556 2604 paruisse.

202 2608 398 2662 gratulati
430 2609 525 2650 dein
557 2610 607 2651 de
639 2611 811 2652 victoria
841 2618 955 2661 sunt,
992 2626 1119 2666 quam
1153 2611 1356 2667 [summa]
1388 2627 1485 2667 ope,
1523 2613 1557 2653 si

269 2675 329 2701 Lm·
344 2676 393 2702 vol.
406 2675 451 2702 Ν.
1295 2679 1336 2712 11

1582 1320 1600 1348 9

1585 1442 1625 1471 10

1585 1629 1622 1657 11

1587 1816 1625 1845 12

1587 1878 1626 1907 13

1583 2379 1601 2399 ·)

1583 2627 1601 2655 3
