1804 2926
499 139 651 174 LIBER
675 136 922 180 xxxxnn,
949 136 980 170 8.
1000 136 1032 169 9.
1061 135 1260 180 [a.e.169]
1476 129 1556 168 115

208 255 248 287 et
279 259 405 299 supra
435 257 558 297 rupes
590 240 771 295 ingentis
803 239 991 294 gurgites
1016 239 1114 280 facit
1141 249 1179 280 et
1212 240 1320 281 infra
1344 248 1556 295 prorutam

206 308 249 348 in
273 320 385 346 mare
410 303 640 345 evolvendo
667 310 819 343 terram
849 302 1054 356 praealtas
1081 303 1302 356 voragines
1328 310 1557 356 cavatoque

206 368 342 409 medio
368 367 486 407 alveo
510 366 621 420 ripas
653 365 862 418 utrimque
886 364 1136 419 praecipitis.
1184 365 1264 406 hoc
1288 365 1459 406 flumine
1484 366 1558 406 ob—

206 437 398 484 saeptum
433 428 510 470 iter
545 427 675 468 hostis
713 427 886 468 credens
923 426 1141 468 extrahere
1183 427 1357 469 relicum
1392 434 1556 482 tempus

205 491 373 534 aestatis
397 491 440 532 in
465 490 604 531 animo
628 489 823 530 habebat.

289 553 404 594 Inter
428 552 532 593 haec
558 552 703 593 consul
728 567 753 591 a
771 550 896 591 Phila
914 550 1144 605 Popillium
1170 565 1265 592 cum
1291 550 1455 591 duobus
1480 550 1558 590 mi-

204 615 312 655 libus
335 622 588 655 armatorum
602 613 857 654 Heracleum
878 612 1016 652 mittit.
1055 611 1173 654 abest
1193 628 1217 653 a
1230 612 1355 653 Phila
1374 613 1558 666 quinque

203 676 317 718 milia
341 677 471 718 ferme
496 691 711 731 passuum,
737 676 876 717 media
900 675 1070 729 regione
1095 675 1201 717 inter
1225 675 1357 716 Dium
1377 676 1559 730 Tempe-

205 754 299 792 que,
326 739 368 779 in
393 754 496 793 rupe
523 738 635 779 anmi
659 738 887 779 inminente
913 737 1108 791 positum.

289 801 436 842 VHH.
473 801 679 855 Popillius
702 800 946 854 priusquam
961 808 1141 840 armatos
1162 798 1290 839 muris
1304 798 1556 847 admoveret,

202 863 313 903 misit
339 863 410 916 qui
440 862 755 917 magistratibus
785 861 1127 916 principibusque
1153 860 1395 909 suaderent,
1432 859 1558 900 fidem

204 925 550 978 clementiamque
576 925 862 965 Romanorum
893 938 1018 976 quam
1051 924 1135 963 vim
1166 922 1344 977 experiri
1374 923 1556 963 mallent.

203 987 306 1027 nihil
331 1002 380 1028 ca
402 987 573 1028 consilia
594 994 827 1034 moverunt,
854 986 952 1039 quia
971 985 1089 1039 ignes
1110 985 1163 1025 ad
1177 984 1358 1039 Elpeum
1379 1000 1430 1025 ex
1448 986 1558 1038 regis

204 1048 348 1089 castris
382 1048 650 1102 apparebant.
712 1055 801 1088 tum
825 1055 935 1088 terra
959 1046 1147 1100 marique
1172 1071 1228 1074 —
1253 1054 1293 1087 et
1319 1045 1459 1086 classis
1486 1045 1559 1086 ad-

203 1111 324 1164 pulsa
349 1110 402 1150 ab
426 1110 545 1150 litore
571 1109 708 1150 stabat
723 1109 913 1149 —simul
940 1108 1077 1156 armis,
1105 1108 1227 1149 simul
1253 1108 1447 1162 operibus
1472 1123 1559 1147 ma-

1585 626 1602 655 9

1585 998 1602 1026 10

204 1172 420 1226 chinisque
435 1172 669 1226 oppugnari
683 1172 830 1226 coepti.
868 1172 1039 1213 iuvenes
1055 1172 1180 1212 etiam
1194 1172 1364 1224 quidam
1379 1171 1558 1212 Romani
1585 1183 1602 1209 :3

203 1234 364 1275 ludicro
391 1234 565 1274 circensi
591 1235 644 1274 ad
676 1248 799 1274 usum
831 1233 929 1273 belli
953 1247 1072 1274 verso
1098 1242 1258 1287 partem
1282 1233 1557 1274 humillimam

204 1296 311 1336 muri
348 1303 559 1349 ceperunt.
621 1310 710 1336 mos
748 1302 835 1336 erat
872 1302 982 1343 tum,
1019 1295 1203 1335 nondum
1241 1295 1319 1336 hac
1357 1295 1559 1336 effusione

202 1358 374 1398 inducta
404 1358 532 1398 bestis
558 1356 744 1397 omnium
774 1356 963 1410 gentium
989 1356 1144 1397 circum
1169 1357 1412 1410 conplendi,
1444 1357 1559 1396 varia

203 1420 536 1474 spectaculorum
568 1419 813 1472 conquirere
843 1433 1017 1473 genera3
1049 1434 1147 1458 nam
1173 1419 1300 1459 semel
1331 1419 1559 1472 quadrigis,

204 1482 330 1523 semel
356 1481 565 1522 desultore
590 1481 714 1521 misso
740 1481 811 1521 vix
843 1481 965 1521 unius
991 1479 1118 1521 horae
1142 1487 1308 1534 tempus
1333 1488 1558 1534 utrumque

204 1543 455 1584 curriculum
470 1543 703 1597 conplebat.
741 1543 849 1583 inter
863 1551 1000 1584 cetera
1014 1542 1212 1596 sexageni
1226 1542 1356 1583 ferme
1371 1542 1557 1591 iuvenes,

203 1605 413 1646 interdum
427 1605 568 1659 plures
583 1605 918 1659 apparatioribus
936 1604 1059 1653 ludis,
1074 1604 1222 1644 armati
1241 1604 1559 1645 inducebantur.

203 1667 352 1708 horum
371 1667 556 1708 inductio
578 1683 628 1708 ex
648 1674 765 1722 parte
785 1667 1054 1708 simulacrum
1074 1666 1331 1708 decurrentis
1354 1667 1559 1707 exercitus

205 1737 306 1778 erat,
333 1745 383 1770 ex
404 1737 521 1783 parte
543 1729 807 1783 elegantioris
821 1728 1068 1783 (exercitus)
1088 1742 1216 1781 quam
1235 1728 1425 1768 militaris
1446 1728 1560 1777 artis,

203 1792 455 1846 propiorque
486 1792 781 1846 gladiatorium
807 1806 1016 1833 armorum
1043 1806 1179 1832 usum.
1241 1806 1337 1832 cum
1362 1791 1464 1832 alios
1490 1791 1562 1833 de-

207 1868 330 1893 cursu
368 1854 594 1894 edidissent
630 1862 786 1902 motus,
824 1854 1028 1907 quadrato
1060 1854 1227 1909 agmine
1263 1853 1396 1902 facto,
1434 1853 1561 1894 scutis

207 1930 330 1969 super
355 1915 491 1969 capita
513 1914 708 1963 densatis,
735 1916 939 1956 stantibus
965 1915 1123 1969 primis,
1150 1915 1343 1955 secundis
1369 1915 1562 1955 summis-

206 1976 404 2025 sioribus,
442 1978 556 2017 tertis
588 1976 722 2030 magis
754 1984 795 2017 et
825 1976 1005 2029 quartis,
1041 1976 1262 2030 postremis
1294 1976 1419 2016 etiam
1450 1990 1561 2029 genu

206 2038 326 2086 nixis,
352 2037 606 2091 fastigatam,
628 2037 734 2077 sicut
756 2044 867 2077 tecta
881 2036 1164 2077 aedificiorum
1178 2043 1287 2086 sunt,
1308 2036 1561 2077 testudinem

206 2100 428 2140 faciebant.
466 2098 561 2139 hinc
576 2098 882 2152 quinquaginta
901 2098 1030 2139 ferme
1052 2098 1207 2152 pedum
1224 2097 1358 2152 spatio
1373 2098 1561 2138 distantis

207 2162 290 2202 duo
316 2161 463 2201 armati
487 2160 788 2215 procurrebant
813 2160 1135 2213 comminatique
1167 2159 1275 2200 inter
1305 2174 1369 2208 se,
1402 2160 1454 2199 ab
1479 2160 1562 2200 ima

207 2223 250 2263 in
276 2238 482 2263 summam
508 2222 758 2263 testudinem
782 2237 857 2276 per
877 2222 1049 2262 densata
1069 2228 1187 2262 scuta
1206 2235 1301 2261 cum
1321 2221 1561 2269 evasissent,

207 2298 318 2325 nunc
348 2285 463 2325 velut
498 2291 810 2338 propugnantes
841 2298 915 2337 per
950 2298 1042 2323 oras
1081 2290 1292 2324 extremae
1328 2282 1560 2331 testudinis,

207 2360 318 2386 nunc
343 2345 385 2385 in
416 2345 554 2386 media
583 2346 691 2385 inter
723 2360 766 2386 se
796 2351 1106 2393 concurrentes,
1145 2344 1259 2384 haud
1290 2358 1409 2384 secus
1435 2359 1560 2397 quam

208 2407 343 2447 stabili
370 2407 782 2460 solopersultabant.
821 2406 918 2447 huic
942 2406 1107 2448 testudo
1133 2405 1277 2446 similis
1303 2405 1559 2447 humillimae

208 2469 315 2523 parti
351 2468 458 2508 muri
491 2469 659 2509 admota
689 2483 784 2509 cum
815 2468 963 2509 armati
996 2483 1121 2522 super
1151 2474 1307 2508 stantes
1339 2467 1560 2515 subissent,

207 2530 588 2586 propugnatoribus
633 2531 742 2571 muri
785 2530 952 2585 fastigio
995 2529 1223 2571 altitudinis
1259 2529 1560 2582 aequabantur,

209 2594 476 2648 depulsisque
501 2593 549 2634 iis
575 2593 617 2634 in
643 2594 789 2635 urbem
814 2593 992 2635 duorum
1025 2593 1239 2648 signorum
1269 2591 1419 2633 milites
1451 2600 1561 2633 tran-

1299 2658 1343 2691 3ss

1589 2108 1604 2136 ⁸1

1585 2416 1604 2445 (fi
