1804 2926
239 200 321 241 22ss
651 207 694 242 Τ.
722 207 831 243 LIVI
856 207 1188 244 FRAGMENTA.

781 300 854 326 LIB.
868 307 892 325 a.
908 308 936 326 n.
951 308 975 326 c.
990 300 1063 325 LVI.

310 344 368 389 14)
393 343 519 377 Livius
539 354 604 378 LVI
630 343 677 378 ab
701 344 792 378 urbe
818 345 985 378 condita:
1025 344 1086 384 ‘Q
1109 343 1324 387 Pompeium
1351 343 1515 377 morbum
1543 355 1601 378 ex-

242 401 388 424 cusasse
403 389 536 432 ferunt,
551 401 611 432 ne,
626 400 708 423 cum
720 390 916 424 interesset
929 389 1120 432 deditioni,
1142 389 1282 423 animos
1296 388 1602 423 Numantinorum

243 435 427 469 irritarct'.
475 435 648 468 I’rz'scz'an.
663 436 739 468 inst.
752 446 898 478 [ly-amm.
912 435 1044 469 XVIII
1056 447 1090 479 ρ.
1108 436 1195 468 1198
1210 436 1227 476 ξ
1254 434 1320 467 262
1334 435 1354 467 I
1359 437 1374 467 '.

311 483 341 522 [*
355 480 392 524 f)
419 478 495 514 Ser,
511 479 662 513 Fulvius
677 483 714 513 et
728 479 770 520 Q.
787 479 1018 524 Calpurnius.
1062 480 1131 513 llis
1146 479 1358 513 consulibus
1371 478 1602 513 Aemilianus

242 525 364 569 Scipio
385 525 431 559 ob
451 525 717 559 Numantinum
736 524 886 569 bellum,
913 536 995 559 cum
1017 525 1236 559 candidatus
1255 536 1328 558 non
1343 528 1451 568 esset,
1477 524 1603 558 consul

241 574 395 605 creatur.
425 571 578 604 Cassiod.
594 572 615 604 l.
631 572 652 603 l.
669 582 700 604 α.
716 582 748 604 u.
764 571 841 604 (319.

768 633 782 647 ²⁸
796 634 867 658 LIB.
881 641 906 659 a.
922 641 949 659 u.
965 641 990 659 c.
1004 634 1068 659 LXI

305 672 343 716 y)
369 671 433 706 Cn.
448 671 633 705 Domitius
646 674 683 706 et
696 670 735 706 C.
750 671 926 705 Fannius.
976 672 1045 705 His
1060 672 1271 706 consulibus
1285 671 1324 705 C.
1342 671 1487 706 Sextius
1502 670 1603 715 oppi-

242 718 327 751 dum
353 716 580 761 aedificavit,
606 717 644 750 in
669 728 741 761 quo
766 728 885 762 aquae
912 716 1075 761 Sextiae,
1103 718 1140 751 in
1166 716 1313 752 Galliis.
1366 718 1516 751 Cassiod.
1539 718 1559 749 l.
1582 718 1603 749 l.

243 776 274 797 α.
290 776 320 796 u.
335 763 414 797 632.

759 814 773 829 *
786 815 862 840 LIB.
877 821 903 840 a.
918 822 947 839 u.
962 822 986 839 c.
1001 815 1090 840 LXII.

309 860 327 891 71
369 857 418 892 Μ.
440 858 613 893 Metellus
633 862 670 892 ct
690 858 738 891 M.
761 858 933 893 Scaurus.
987 859 1056 892 His
1081 859 1294 893 consulibus
1314 858 1357 891 L.
1378 857 1551 892 Metellus
1571 861 1608 892 et

242 903 308 938 Cn.
361 904 506 937 omitius
528 914 698 938 censores
719 908 835 937 artem
850 904 1029 937 ludicram
1044 915 1087 938 ex
1100 904 1191 937 urbe
1209 907 1443 938 removerunt
1461 907 1608 947 praeter

243 948 418 982 Latinum
437 949 627 983 tibicinem
648 960 731 982 cum
745 952 896 983 cantore
911 953 948 983 et
960 949 1088 982 ludum
1100 948 1328 983 Atellanum.
1378 949 1531 982 Cassiod.
1547 950 1570 981 l.
1584 949 1607 982 Z.

243 1006 274 1027 a.
289 1006 321 1027 u,
337 994 413 1027 639.

754 1039 768 1054 *
781 1040 854 1064 LIB.
869 1047 894 1065 a.
909 1047 938 1066 u.
954 1047 978 1065 c.
993 1040 1092 1065 LXVI.

310 1083 337 1129 i)
363 1082 406 1124 Q.
423 1082 599 1118 Servilius
613 1086 649 1117 et
663 1082 703 1118 C.
717 1083 856 1117 Atilius
871 1083 1062 1118 Serranus.
1100 1083 1168 1117 His
1183 1083 1396 1118 consulibus
1409 1094 1475 1128 per
1489 1082 1607 1117 Servi-

243 1129 332 1162 lium
357 1129 584 1174 Caepionem
609 1129 796 1163 consulem
822 1129 960 1164 iudicia
985 1129 1170 1174 equitibus
1196 1133 1234 1164 et
1258 1129 1491 1164 senatoribus
1511 1139 1607 1163 com-

243 1174 441 1209 municata.
491 1175 645 1209 Cassiod.
660 1176 682 1208 l.
698 1176 720 1209 l.
736 1187 768 1209 α.
783 1187 815 1209 u.
830 1176 908 1209 648.

766 1238 780 1253 ⁸
793 1239 867 1263 LIB.
881 1245 906 1263 a.
920 1246 948 1264 u.
963 1245 987 1263 c.
1002 1239 1088 1264 LXX.

311 1282 348 1327 Ic)
371 1279 439 1315 Cn.
453 1281 639 1315 Domitius
655 1285 692 1316 et
706 1282 745 1316 C.
761 1281 923 1316 Cassius.
971 1282 1041 1316 His
1062 1282 1274 1316 consulibus
1286 1281 1523 1316 Ptolemaeus
1537 1281 1608 1316 Ae-

244 1328 351 1372 gypti
369 1339 431 1362 rex
449 1327 627 1372 populum
646 1327 854 1362 Romanum
880 1328 1053 1362 heredem
1073 1328 1233 1372 reliquit.
1286 1329 1439 1362 Cassiod.
1454 1330 1475 1361 l.
1492 1329 1513 1362 l.
1529 1339 1562 1362 a.
1576 1339 1608 1361 u.

244 1375 341 1415 6:38]

734 1420 748 1434 *¹
761 1420 833 1445 LIB.
849 1427 875 1445 a.
890 1427 917 1445 u.
933 1427 957 1445 c.
972 1420 1113 1445 LXXVII.

313 1463 371 1508 15)
396 1467 467 1496 Καὶ
487 1463 689 1507 παρελθὼν
710 1464 758 1499 εἷς
777 1464 844 1506 τὴν
864 1463 972 1497 πόλιν
996 1461 1137 1499 ὕπατος
1154 1468 1222 1507 μὲν
1242 1460 1502 1497 ἀποδείκνυται
1519 1462 1610 1505 μετὰ

244 1512 404 1541 Κοίντου
420 1513 627 1552 Πομπηίου,
644 1509 872 1551 πεντήκοντα
893 1510 953 1551 ἔτη
965 1509 1135 1555 γεγονώς,
1160 1513 1266 1554 γαμεῖ
1280 1508 1318 1542 δὲ
1330 1510 1451 1555 γάμον
1461 1507 1608 1552 ἐνδοξό-

245 1566 359 1586 τατον
371 1552 561 1586 Καικιλίαν
574 1553 640 1595 τὴν
651 1553 832 1588 ὖΙετέλλου
848 1555 1038 1601 θυγατέρα
1056 1557 1122 1587 τοῦ
1138 1553 1337 1598 ἀρχιερέως.
1376 1552 1431 1598 ἐφ’
1448 1554 1477 1596 ᾧ
1493 1553 1608 1587 πολλὰ

245 1601 312 1642 μὲν
332 1599 380 1633 εἰς
400 1598 514 1631 αὐτὸν
532 1592 624 1645 Δἧδον
645 1599 680 1632 οἱ
700 1598 900 1642 δημοτικοί,
928 1598 1057 1632 πολλοὶ
1076 1599 1115 1632 ὃὲ
1133 1602 1210 1632 τῶν
1230 1599 1391 1643 πρώτων
1416 1601 1607 1641 ἐνεμέσων,

248 1643 313 1677 οὐκ
327 1643 429 1682 ἄξιον
442 1642 637 1688 ἡγούμενοι
651 1647 711 1685 τῆς
725 1644 895 1699 γυναικὸς
910 1642 952 1677 ὂν
966 1642 1068 1683 ἄξιον
1080 1644 1254 1679 ὑπατείας
1267 1646 1423 1689 ἔκριναν,
1439 1641 1486 1679 ὤς
1501 1657 1608 1688 φησιν

248 1687 266 1723 ὁ
286 1693 398 1723 Τίτος.
446 1690 539 1722 Ρίυτ.
553 1691 655 1723 Sulla
670 1701 697 1723 c.
714 1692 744 1724 b.

319 1734 393 1779 [16)
418 1730 494 1768 ’Ότι
517 1733 711 1777 μέλλοντος
731 1738 770 1768 ἐν
789 1732 901 1781 Ῥώμῃ
924 1737 990 1768 τοῦ
1016 1733 1191 1779 ἐμφυλίου
1218 1734 1423 1780 ἐγείρεσθαι
1448 1733 1608 1777 πολέμου

246 1778 334 1814 ἄλλα
352 1793 391 1813 τε
412 1778 527 1813 πολλὰ
546 1782 679 1824 Λίβιος
704 1784 764 1813 καὶ
782 1779 967 1824 Διόδωρος
987 1779 1183 1825 ἱστόρησαν
1207 1783 1266 1812 καὶ
1287 1779 1325 1818 ἐξ
1342 1778 1517 1824 ἀνεφέλου
1543 1782 1609 1812 τοῦ

248 1824 353 1868 ἀέρος
374 1828 433 1857 καὶ
454 1825 602 1870 αἰθρίας
622 1825 754 1867 πολλῆς
779 1819 866 1867 ἦχον
886 1824 1115 1866 ἀκουσθῆναι
1136 1824 1333 1870 σάλπιγγος
1352 1823 1438 1863 ὀξὺν
1463 1823 1610 1858 ἀποτει-

248 1871 377 1912 νούσης
392 1874 451 1902 καὶ
466 1868 640 1915 θρηνώδη
658 1870 726 1904 τὸν
739 1871 923 1917 φθόγγον,
949 1874 1009 1903 καὶ
1027 1870 1112 1906 τούς
1125 1873 1192 1913 μὲν
1205 1868 1432 1905 ἀκούσαντας
1446 1866 1610 1905 ἅπαντας

249 1916 427 1960 ἔκφρονας
451 1913 525 1948 ὑπὸ
546 1918 611 1949 τοῦ
634 1914 737 1950 δέους
754 1917 940 1962 γενέσθαι,
966 1915 1051 1951 τοὺς
1071 1914 1110 1949 δὲ
1128 1918 1324 1960 Τυρρηνῶν
1342 1915 1488 1957 μάντεις
1504 1928 1612 1958 μετα-

247 1960 361 2003 βολὴν
374 1962 438 1993 τοῦ
452 1964 580 2006 γένους
595 1966 654 1994 καὶ
667 1962 934 2004 μετακόσμησιν
948 1960 1217 2006 ἀποφήνασθαι
1232 1964 1417 2003 σηλιιαιίἐιν
1434 1959 1477 1994 τὸ
1490 1963 1610 2003 τέρας·

249 2006 341 2039 εἶναι
352 2005 500 2062 μὲνγὰρ
515 2004 733 2051 ἀνθρώπων
747 2006 842 2040 ὀκτώ
854 2010 950 2061 γένη,
966 2006 1187 2052 διαφέροντα
1208 2010 1285 2041 τοῖς
1298 2004 1427 2048 ἥθἐσιν
1439 2004 1610 2048 ἀλλήλων,

248 2051 388 2094 ἑκάστῳ
404 2049 424 2084 δ
461 2050 676 2096 ἀφωρίσθαι
692 2052 829 2096 χρόνον
842 2051 916 2086 υπὸ
937 2054 1003 2086 τοῦ
1024 2053 1118 2086 θεοῦ
1139 2051 1480 2096 συμπεραινόμενον
1496 2054 1611 2085 ἐνιαυ-

247 2098 314 2129 τοῦ
327 2096 484 2143 μεγάλου
503 2096 682 2143 περιόδῳ·
708 2101 768 2140 τῆς
783 2096 816 2131 δ’
835 2091 902 2131 οὖν
922 2100 1102 2143 προτέρας
1121 2096 1296 2141 περιόδου
1318 2096 1538 2137 τελευτώσης
1551 2099 1610 2129 καὶ

249 2142 282 2185 {1
290 2145 370 2185 ε’ρας
384 2145 613 2185 ἐνισταμένης
632 2144 820 2176 κινεῖσθαί
835 2156 871 2177 τι
885 2146 1032 2185 σημεῖον
1045 2146 1084 2176 ἐκ
1096 2144 1158 2189 γῆς
1177 2142 1198 2185 ἢ
1212 2141 1368 2187 ούρανοῦ
1388 2143 1611 2183 θαυμάσιον,

249 2188 268 2233 ᾖ
284 2185 392 2228 δῆλον
406 2186 442 2220 εὖ
451 2187 520 2222 &iffi
539 2192 615 2223 τοῖς
633 2191 749 2222 ταῦτα
769 2192 896 2234 σοφοῖς
913 2189 1083 2234 γίνεσθαι
1102 2184 1159 2221 ὅτι
1172 2191 1232 2232 αἰαὶ
1245 2188 1397 2232 τρόποις
1416 2185 1532 2223 ἄλλοις
1552 2190 1611 2220 καὶ

249 2236 342 2276 ρ’ίσις
361 2231 561 2279 ἄνθρωποι
579 2234 750 2280 γεγόνασι
766 2234 947 2280 χρεόμενοι
967 2237 1027 2267 καὶ
1047 2235 1152 2268 θεοῖς
1177 2234 1289 2276 ἦττον
1314 2235 1392 2266 τῶν
1419 2236 1612 2277 προτέρων

249 2276 427 2319 μέλοντες.
475 2279 582 2313 Dion.
600 2281 695 2313 Cass.
711 2291 780 2313 exc.
796 2280 888 2314 Maii
897 2280 1013 2323 script.
1028 2285 1102 2313 vett.
1117 2291 1192 2312 nov.
1208 2280 1286 2312 coll.
1300 2277 1347 2321 fr.
1363 2277 1406 2312 67
1419 2277 1458 2311 II
1470 2277 1548 2321 548,
1563 2277 1610 2320 fr.

252 2323 317 2356 102
330 2334 367 2366 p.
382 2323 425 2357 91
439 2324 504 2357 Bk.
520 2323 539 2357 Ι
557 2335 590 2367 p.
606 2324 671 2357 142
684 2337 734 2369 sq.
755 2326 834 2359 adn.
856 2336 878 2359 a
891 2325 1028 2367 Dindfi,
1050 2325 1146 2359 Suid.
1160 2336 1186 2358 s.
1202 2336 1231 2358 v.
1253 2322 1393 2359 Σύλλας
1411 2324 1456 2369 (υ.
1476 2324 1610 2358 Maium

251 2369 272 2401 l.
288 2370 309 2402 l.
324 2369 370 2411 fr.
387 2368 452 2402 123
466 2380 502 2413 p.
518 2369 599 2414 563)
614 2370 659 2413 cf.
673 2371 765 2405 Plut.
781 2372 869 2405 Sall.
885 2382 912 2404 c.
929 2370 977 2413 7.]

320 2414 378 2458 17)
405 2413 509 2448 Sulla
534 2418 634 2449 eerte
653 2415 732 2460 ipse
818 2427 900 2449 eum
924 2415 1080 2460 primum
1100 2415 1148 2449 ad.
1166 2414 1294 2449 urbem
1313 2417 1443 2448 eontra
1454 2413 1611 2447 Marium

253 2462 375 2492 castra
387 2459 569 2503 movisset,
597 2460 689 2495 adeo
710 2461 810 2495 laeta
824 2465 908 2495 exta
920 2460 1124 2494 immolanti
1141 2460 1255 2494 fuisse
1269 2459 1396 2493 scribit
1408 2458 1547 2502 Livius,
1572 2465 1612 2492 ut

253 2504 426 2537 custodiri
446 2516 484 2539 se
502 2505 713 2539 Postumius
732 2507 914 2551 haruspex
933 2505 1100 2549 voluerit,
1126 2505 1258 2550 eapitis
1278 2503 1496 2549 supplicium
1515 2503 1611 2538 subi-

254 2555 372 2598 turus,
398 2550 468 2582 nisi
481 2561 541 2594 ea,
568 2561 663 2595 quae
676 2551 714 2584 in
728 2552 847 2586 animo
864 2551 967 2586 Sulla
979 2551 1145 2595 haberet,
1173 2550 1242 2584 diis
1261 2549 1472 2585 iuvantibus
1485 2548 1612 2595 imple-

255 2599 374 2628 visset.
422 2597 601 2640 Anqustln.
617 2598 656 2631 de
669 2598 728 2631 civ.
744 2599 798 2631 clei
808 2597 847 2631 II
859 2597 915 2631 24.

735 2655 749 2670 *
761 2656 833 2680 LIB.
848 2662 873 2680 a.
890 2663 917 2680 u.
933 2662 957 2680 c.
973 2654 1129 2680 LXXXIII.

324 2699 379 2739 18,
406 2698 551 2733 Eversis
571 2699 706 2744 quippe
727 2703 763 2733 ct
782 2699 940 2733 incensis
959 2699 1128 2733 omnibus
1153 2709 1235 2733 cum
1255 2697 1391 2742 oppido
1411 2695 1613 2731 simulacris
