1804 2926
353 152 504 187 LIBER
528 150 754 192 xxxxm,
780 149 834 181 23.
862 148 1108 192 xxxxiiii,
1131 149 1162 182 1.
1191 150 1239 191 [a.
1255 148 1390 191 0169]
1471 139 1550 179 107

200 269 426 310 regressus,
452 268 525 307 per
549 251 847 292 Parthinorum
873 251 1006 292 socias
1032 251 1156 292 urbes
1181 252 1223 292 111
1247 252 1422 292 hiberna
1446 251 1552 291 mili-

201 319 311 359 tibus
336 316 536 363 dimissis,
567 315 658 369 ipse
683 315 862 355 Romam
888 313 1079 354 sacrificii
1105 328 1231 355 eausa
1255 314 1388 354 rediit.
1449 313 1553 354 Per-
1581 328 1594 355 ῖ

201 394 294 421 seus
320 393 370 419 ex
390 378 669 418 Penestarum
693 383 818 431 gente
843 375 954 416 mille
980 375 1152 430 pedites,
1167 376 1367 417 ducentos
1394 375 1554 428 equites

200 446 414 481 revocatos
443 437 771 487 Cassandream,
809 437 1017 492 praesidio
1048 447 1093 478 ut
1125 445 1283 486 essent,
1316 437 1440 478 misit.
1501 436 1554 476 ab
1580 448 1599 476 5

201 501 356 544 Gentio
394 501 540 542 cadem
578 500 814 541 adferentes
856 499 1081 540 redierunt.
1152 514 1230 540 nee
1267 499 1416 540 deinde
1453 498 1554 539 alios

200 571 324 616 atque
350 562 452 604 alios
477 562 679 603 mittendo
706 568 909 616 temptare
936 577 1031 602 eum
1057 562 1233 610 destitit,
1259 576 1355 601 cum
1379 575 1555 615 appare-

198 632 280 674 ret,
312 632 515 678 quantum
539 624 583 664 in
608 639 656 665 eo
682 624 876 678 praesidii
903 632 1028 673 esset,
1062 639 1139 665 nec
1165 632 1306 664 tamen
1329 623 1554 676 impetrare

199 687 252 727 ab
278 686 416 727 animo
441 694 601 740 posset,
633 695 680 727 ut
705 686 922 741 inpensam
954 686 995 725 111
1028 701 1116 726 rem
1140 685 1312 726 maximi
1337 686 1390 726 ad
1416 685 1554 725 onmia

200 748 399 790 momenti
424 749 591 789 faceret.

512 971 788 1014 [PERIOCHA
812 971 953 1005 LIBRI
976 972 1239 1015 XXXXIHL]

269 1073 330 1116 [Q.
352 1073 512 1108 Marcius
533 1073 725 1119 Philippus
745 1086 811 1118 per
830 1074 946 1108 invios
966 1074 1080 1108 saltus
1100 1072 1307 1118 penetravit
1326 1073 1363 1107 in
1383 1073 1554 1108 Macedo-

199 1125 298 1160 niam
318 1129 355 1160 et
374 1125 568 1169 conplures
593 1126 701 1159 urbes
721 1126 925 1170 occupavit.
974 1124 1099 1158 Rhodi
1120 1125 1296 1159 miserunt
1319 1125 1464 1170 legatos
1483 1125 1554 1158 Ro-

200 1188 314 1220 mam,
339 1176 536 1219 minantes,
564 1180 603 1209 ut
623 1177 758 1211 Perseo
782 1177 916 1210 auxilio
942 1180 1076 1220 essent,
1104 1176 1173 1209 nisi
1192 1175 1350 1220 populus
1368 1176 1556 1209 Romanus

201 1240 283 1261 eum
297 1228 359 1261 illo
373 1239 498 1271 pacem
516 1231 626 1270 atque
641 1228 839 1261 amicitiam
853 1228 1032 1271 iungeret.
1082 1227 1232 1272 indigne
1248 1227 1285 1260 id
1298 1227 1425 1261 latum.
1475 1238 1557 1260 cum

200 1279 237 1311 id
256 1278 393 1312 bellum
407 1277 449 1310 L.
464 1277 622 1311 Aemilio
638 1278 755 1311 Paulo
776 1278 963 1322 sequentis
984 1277 1071 1311 anni
1090 1277 1231 1311 consuli
1251 1278 1384 1312 iterum
1404 1278 1556 1311 manda—

200 1333 277 1362 tum
297 1332 409 1370 esset,
435 1327 574 1361 Paulus
593 1328 631 1361 in
650 1328 820 1362 contione
846 1330 1028 1372 precatus,
1055 1331 1096 1361 ut
1121 1328 1300 1372 quidquid
1326 1328 1394 1361 diri
1419 1328 1557 1372 populo

200 1379 366 1412 Romano
386 1378 592 1412 immineret
616 1378 653 1411 in
680 1390 782 1412 suam
803 1379 949 1412 domum
969 1382 1253 1421 converteretur,
1276 1382 1312 1412 et
1330 1379 1366 1411 in
1386 1379 1557 1413 Macedo-

200 1430 299 1463 niam
313 1429 511 1473 profectus,
538 1429 627 1463 vicit
640 1430 780 1463 Persen
801 1433 989 1473 totamque
1005 1429 1262 1463 Macedoniam
1280 1429 1316 1461 in
1337 1432 1558 1473 potestatem

198 1481 350 1525 redegit.
399 1484 596 1524 antequam
610 1480 837 1526 confligeret,
865 1480 922 1522 [C.
939 1479 1122 1524 Sulpicius
1139 1478 1270 1514 Gallus
1284 1480 1452 1513 tribunus
1465 1479 1557 1512 mili-

200 1536 295 1572 tum]
315 1530 499 1575 praedixit
516 1531 702 1575 exercitui,
728 1543 774 1566 ne
794 1531 1006 1574 miraretur,
1034 1531 1132 1575 (luod
1153 1531 1242 1564 luna
1261 1535 1369 1565 noete
1395 1531 1559 1575 proxima

201 1582 390 1616 defectura
404 1586 495 1616 erat.
544 1581 700 1616 Gentius
715 1594 870 1627 quoque,
897 1594 960 1617 rex
972 1582 1216 1626 Illyricorum,
1233 1593 1315 1616 cum
1328 1581 1557 1625 rebellasset,

200 1644 223 1667 a
241 1633 284 1667 L.
299 1633 432 1667 Anicio
452 1636 621 1678 praetore
641 1633 758 1667 vietus
777 1634 878 1667 venit
902 1634 940 1666 in
966 1633 1190 1667 deditionem
1216 1636 1252 1667 et
1277 1644 1360 1667 cum
1379 1644 1490 1666 uxore
1516 1644 1559 1666 ac

199 1684 324 1718 liberis
338 1687 374 1718 et
392 1683 606 1728 propinquis
620 1684 773 1718 Romam
786 1684 916 1717 missus
931 1688 995 1718 est.
1046 1683 1163 1729 legati
1176 1683 1405 1718 Alexandria
1419 1696 1440 1718 a
1454 1683 1559 1717 Cleo-

200 1738 308 1779 patra
327 1738 364 1769 et
381 1735 595 1769 Ptolemaeo
615 1735 765 1781 regibus
784 1739 963 1770 venerunt
983 1738 1180 1779 querentes
1201 1735 1245 1768 de
1267 1735 1452 1769 Antiocho
1470 1746 1559 1780 rege

203 1785 342 1831 Syriae,
369 1786 466 1830 quod
485 1786 514 1819 is
534 1785 672 1820 bellum
692 1786 855 1820 inferret.
906 1786 1063 1820 Perseus
1089 1785 1296 1819 sollicitatis
1322 1786 1359 1819 111
1385 1785 1559 1819 auxilium

200 1838 363 1871 Eumene
383 1848 471 1881 rege
491 1837 665 1882 Pergami
690 1841 727 1871 et
750 1837 886 1871 Gentio
904 1849 992 1882 rege
1012 1837 1262 1882 Illyricorum,
1290 1837 1377 1882 quia
1395 1836 1425 1871 is
1451 1848 1559 1881 pecu-

202 1887 301 1921 niam
315 1899 424 1932 quam
437 1888 653 1932 promiserat
665 1899 738 1922 non
753 1888 879 1932 dabat,
905 1889 1055 1923 relictus
1070 1888 1116 1923 ab
1131 1888 1186 1922 his
1201 1892 1287 1930 est.]

695 2160 868 2212 TITI
899 2159 1081 2211 LIVI

583 2252 662 2289 AB
700 2252 864 2290 VRBE
901 2250 1189 2316 CONDITA

677 2382 830 2415 LIBER
853 2381 1095 2416 XXXXIIII.

296 2486 327 2525 Ι.
365 2485 579 2539 Principio
600 2485 721 2534 veris,
747 2486 860 2538 quod
884 2485 1064 2526 hiemem
1084 2500 1190 2534 eam,
1216 2500 1300 2539 qua
1320 2485 1423 2527 haec
1443 2493 1561 2541 gesta
1594 2501 1603 2529 1

211 2555 317 2596 sunt,
343 2548 579 2588 insecutum
604 2555 678 2596 est,
706 2547 758 2587 ab
802 2548 919 2588 'tonia
944 2547 1155 2601 profectus
1179 2547 1233 2600 Q.
1254 2549 1443 2589 BIareius
1462 2549 1563 2588 Phi-

210 2610 346 2664 lepus
369 2609 511 2650 consul
533 2624 628 2650 cum
642 2610 824 2663 quinque
843 2610 1023 2658 milibus,
1044 2617 1145 2662 quot
1164 2610 1206 2650 111
1227 2611 1561 2664 supplementum
