1804 2926
247 177 331 218 218
500 183 790 218 PERIOCHAE
816 181 1082 217 LIBRORUM
1107 180 1372 216 CX——CXIIL

250 275 471 319 Hispaniam
491 275 535 308 L.
556 274 750 308 Afranium
770 277 807 308 et
826 273 874 307 M.
896 273 1082 307 Petreium
1102 273 1247 317 legatos
1268 271 1334 305 Cn.
1356 271 1508 315 Pompei
1529 281 1610 304 cum

249 326 391 365 septem
412 320 621 365 legionibus
642 319 689 353 ad
708 319 869 353 Ilerdam
890 319 926 352 in
948 318 1173 352 deditionem
1189 317 1332 361 accepit
1345 327 1543 360 omnesque
1558 317 1611 349 in—

249 368 411 401 columes
437 366 587 408 dimisit,
609 365 775 400 Varrone
802 375 947 408 quoque
973 364 1097 408 legato
1119 363 1270 406 Pompei
1292 373 1373 395 cum
1395 361 1556 395 exercitu
1575 361 1612 395 in

250 415 473 457 potestatem
489 422 591 444 suam
604 410 767 444 redacto.
801 409 997 444 Gaditanis
1011 409 1197 443 civitatem
1212 408 1323 442 dedit.
1362 406 1612 441 Massilienses

250 456 393 491 duobus
418 456 611 490 navalibus
636 455 786 499 proeliis
810 455 898 488 victi
917 458 999 498 post
1020 454 1169 499 longam
1189 453 1416 486 obsidionem
1437 452 1613 496 potestati

249 503 420 537 Caesaris
435 513 473 536 se
487 501 741 546 permiserunt.
780 500 819 534 C.
834 500 1018 533 Antonius
1033 500 1178 544 legatus
1193 498 1360 533 Caesaris
1374 498 1469 531 male
1485 497 1611 531 adver-

250 560 311 582 sus
331 547 577 591 Pompeianos
602 546 639 580 in
658 545 808 591 Illyrico
834 545 943 579 rebus
970 545 1083 590 gestis
1109 549 1239 589 captus
1266 547 1338 587 est;
1363 544 1400 576 in
1423 553 1494 587 quo
1514 541 1613 576 bello

251 593 461 638 Opitergini
480 591 739 636 transpadani,
762 590 930 625 Caesaris
952 590 1165 633 auxiliares,
1186 593 1264 623 rate
1280 600 1346 622 sua
1360 588 1406 622 ab
1421 587 1615 622 hostilibus

251 639 408 673 navibus
428 639 547 681 clusa,
569 638 690 681 potius
706 648 814 681 quam
830 637 865 669 in
880 639 1101 680 potestatem
1116 636 1274 669 hostium
1288 634 1454 668 venirent
1468 634 1562 667 inter
1576 643 1615 667 se

251 687 510 718 concurrentes
537 682 798 716 occubuerunt.
837 682 875 715 C.
897 681 1025 723 Curio,
1051 681 1197 726 legatus
1223 679 1391 714 Caesaris
1419 679 1454 712 in
1474 678 1613 712 Africa.

251 741 333 764 cum
354 740 527 773 prospere
549 728 723 762 adversus
737 728 877 762 Varum
891 726 1199 770 Pompeianarum
1220 726 1379 769 partium
1400 724 1528 757 ducem
1550 735 1614 767 pu-

252 778 421 820 gnasset,
443 785 464 807 a
478 774 572 807 Iuba
590 785 677 818 rege
692 773 947 807 Mauretaniae
962 783 1042 805 cum
1058 773 1218 806 exercitu
1232 782 1361 805 caesus
1376 774 1442 804 est.
1469 770 1508 803 C.
1524 770 1614 803 Cac-

252 832 312 854 sar
325 821 363 853 in
377 820 574 854 Graeciam
588 819 746 852 traiecit.

492 872 542 896 13x
563 873 635 896 LlB.
658 872 720 895 cxl
742 871 806 902 QVI
827 871 894 895 ns'r
915 869 1052 894 CIVILIS
1072 869 1186 893 BELLI
1205 868 1371 892 TERTIVS.

320 909 370 943 M.
386 909 533 943 Caelius
547 910 665 942 Rufus
680 914 846 953 praetor,
868 919 949 942 cum
965 907 1163 941 seditiones
1177 906 1216 939 in
1231 906 1320 939 urbe
1336 905 1541 939 concitaret
1553 915 1616 938 no-

251 966 379 988 varum
393 955 602 988 tabularum
617 966 680 998 spe
694 954 803 998 plebe
819 953 1034 995 sollicitata,
1057 952 1237 996 abrogato
1257 950 1475 995 magistratu
1489 950 1617 993 pulsus

253 1000 343 1033 urbe
376 999 506 1033 Miloni
532 999 645 1042 exuli,
679 999 741 1043 qui
772 998 1011 1044 fugitivorum
1049 998 1247 1031 exercitum
1288 998 1539 1036 contraxerat,
1579 1006 1618 1029 se

254 1045 452 1079 coniunxit.
490 1048 660 1088 uterque,
682 1056 765 1077 cum
778 1044 917 1078 bellum
931 1042 1159 1085 molirentur,
1180 1041 1365 1075 interfecti
1380 1043 1475 1074 sunt.
1513 1039 1618 1074 Cleo-

254 1095 363 1135 patra
382 1091 513 1135 regina
526 1089 693 1135 Aegypti
707 1100 728 1123 a
742 1089 958 1124 Ptolemaeo
980 1087 1094 1121 fratre
1114 1098 1230 1132 regno
1244 1087 1352 1130 pulsa
1366 1090 1432 1121 est.
1468 1089 1620 1130 propter

255 1138 298 1176 Q.
321 1136 425 1170 Cassi
450 1137 631 1179 praetoris
653 1135 845 1169 avaritiam
865 1133 1195 1177 crudelitatemque
1216 1132 1473 1167 Cordubenses
1493 1131 1528 1164 in
1551 1130 1617 1164 Hi-

256 1182 387 1226 spania
417 1192 499 1214 cum
531 1181 674 1214 duabus
701 1179 942 1215 Varronianis
972 1178 1182 1224 legionibus
1209 1189 1230 1212 a
1254 1177 1423 1222 partibus
1449 1176 1619 1211 Caesaris

256 1227 499 1261 desciverunt.
537 1225 603 1260 Cn.
619 1226 817 1270 Pompeius
838 1225 885 1259 ad
898 1224 1146 1270 Dyrrachium
1169 1223 1338 1257 obsessus
1359 1234 1381 1256 a
1395 1221 1554 1256 Caesare
1569 1225 1618 1265 et,

256 1272 448 1316 praesidiis
475 1271 551 1306 eius
578 1283 660 1305 cum
678 1283 816 1316 magna
837 1271 943 1305 clade
965 1270 1130 1303 diversae
1150 1269 1266 1313 partis
1285 1279 1378 1312 expu
1409 1267 1504 1302 natis
1524 1266 1619 1301 obsi-

257 1318 364 1351 dione
391 1317 586 1361 liberatus,
613 1317 796 1350 translato
821 1316 858 1350 in
878 1315 1114 1350 Thessaliam
1132 1315 1249 1356 bello,
1272 1314 1371 1358 apud
1419 1312 1620 1346 hai-saliam

257 1363 336 1397 acie
353 1362 470 1397 victus
485 1366 550 1397 est.
588 1362 717 1396 Cicero
737 1362 774 1395 in
789 1361 917 1396 castris
931 1361 1123 1403 remansit,
1144 1360 1199 1393 vir
1211 1358 1302 1393 nihil
1316 1359 1434 1392 minus
1449 1369 1559 1403 quam
1573 1357 1621 1391 ad.

256 1409 356 1442 bella
387 1412 507 1441 natus.
556 1408 796 1451 omnibusque
824 1407 1059 1441 adversarum
1082 1405 1259 1450 partium,
1295 1404 1357 1449 qui
1381 1415 1420 1438 se
1444 1402 1621 1449 potestati

256 1454 403 1488 victoris
417 1454 670 1497 permiserant,
685 1453 823 1487 Caesar
835 1452 988 1496 ignovit.

485 1507 537 1530 Ex
556 1507 629 1530 Llss.
652 1505 729 1530 cxii
749 1506 812 1536 Qw
833 1506 901 1529 EST
922 1504 1057 1529 CIVILIS
1076 1504 1189 1528 BELLI
1210 1502 1392 1534 QVARTVS.

326 1544 544 1588 Trepidatio
563 1545 741 1577 victarum
761 1543 921 1587 partium
940 1543 978 1576 in
998 1542 1160 1576 diversas
1180 1540 1277 1574 orbis
1296 1544 1475 1574 terrarum
1494 1542 1620 1584 partes

258 1594 296 1624 et
319 1590 410 1634 fuga
435 1589 603 1623 refertur.
656 1588 722 1622 Cn.
749 1588 947 1632 Pompeius
974 1599 1055 1621 cum
1080 1588 1135 1620 Ae
1166 1590 1295 1631 yptum
1321 1586 1493 1629 petisset,
1521 1585 1621 1618 iussu

258 1635 462 1669 Ptolemaei
482 1635 597 1680 regis,
619 1634 751 1678 pupilli
770 1634 843 1676 sui,
865 1636 1012 1667 auctore
1028 1632 1146 1666 Theo
1161 1636 1221 1665 oto
1240 1635 1496 1675 praeceptore,
1519 1630 1622 1664 cuius

258 1691 395 1726 magna
409 1684 499 1724 aput
511 1691 636 1725 regem
652 1679 850 1713 auctoritas
866 1682 956 1721 erat,
967 1682 1003 1712 et
1011 1678 1169 1711 Pothino
1184 1677 1324 1710 occisus
1340 1681 1392 1710 est
1404 1675 1450 1710 ab
1460 1675 1619 1718 Achilla,

259 1726 318 1759 cui
344 1725 381 1759 id
407 1725 552 1759 facinus
578 1729 658 1759 erat
682 1725 912 1769 delegatum,
940 1723 977 1757 in
1002 1722 1173 1756 navicula
1198 1726 1396 1766 antequam
1422 1721 1458 1755 in
1483 1725 1619 1755 terram

259 1771 384 1805 exiret.
422 1770 596 1805 Cornelia
615 1781 704 1804 uxor
723 1774 760 1803 et
780 1770 861 1803 Sex.
882 1768 1080 1813 Pompeius
1102 1767 1199 1801 filius
1223 1768 1372 1812 Cypron
1392 1766 1620 1811 refugerunt.

260 1817 399 1851 Caesar
411 1820 495 1860 post
507 1816 654 1850 tertium
670 1815 766 1849 diem
781 1815 966 1848 insecutus
977 1841 985 1855 ,
1006 1825 1088 1847 eum
1109 1813 1143 1847 ei
1158 1812 1373 1847 Theodotus
1388 1816 1500 1856 caput
1514 1812 1621 1845 Pom-

259 1862 319 1906 pei
340 1865 377 1895 et
398 1862 547 1895 anulum
567 1861 777 1903 obtulisset,
799 1860 963 1894 infensus
984 1863 1039 1893 est
1064 1862 1101 1893 et
1125 1857 1389 1900 inlacrimavit;
1418 1860 1517 1900 [nec]
1544 1857 1622 1891 sine

258 1907 423 1951 periculo
438 1907 701 1941 Alexandriam
714 1905 999 1939 tumultuantem
1014 1903 1172 1937 intravit.
1200 1902 1338 1937 Caesar
1351 1903 1510 1936 dictator
1523 1914 1623 1936 erea-

259 1958 317 1985 tus
338 1952 572 1996 Cleopatram
599 1953 636 1985 in
659 1962 814 1996 regnum
833 1951 999 1995 Aegypti
1018 1949 1162 1983 reduxit
1187 1952 1224 1982 et
1247 1948 1466 1982 inferentem
1485 1947 1623 1982 bellum

260 1997 514 2031 Ptolemaeum
527 1996 644 2030 isdem
658 1996 880 2037 auctoribus,
903 1995 1034 2039 quibus
1049 1993 1265 2038 Pompeium
1280 1993 1526 2036 interfecerat,
1542 2004 1623 2027 eum

260 2053 394 2087 magno
410 2054 473 2076 suo
488 2042 695 2076 discrimine
710 2041 808 2075 vicit.
833 2041 1069 2075 Ptolemaeus
1084 2040 1169 2073 dum
1182 2039 1289 2084 fugit,
1304 2039 1341 2072 in
1356 2038 1440 2073 Nilo
1453 2038 1626 2072 navicula

260 2087 435 2122 subsedit.
473 2092 667 2132 praeterea
691 2086 916 2120 laboriosum
935 2086 984 2119 M.
1007 2085 1159 2119 Catonis
1184 2084 1222 2118 in
1241 2084 1369 2118 Africa
1393 2095 1459 2127 per
1478 2084 1625 2118 deserta

260 2145 344 2167 eum
364 2133 571 2178 legionibus
590 2134 660 2167 iter
680 2136 717 2167 et
735 2132 873 2166 bellum
894 2143 916 2166 a
935 2130 1001 2166 Cn.
1016 2130 1179 2165 Domitio
1199 2130 1372 2164 adversus
1391 2129 1625 2164 Pharnacem

261 2190 390 2224 parum
402 2190 577 2223 prospere
591 2182 735 2224 gestum
750 2177 923 2211 continet.

486 2232 537 2256 EX
555 2232 628 2256 ΜΒ.
651 2231 742 2255 cxm
763 2230 828 2262 QVI
847 2230 916 2254 Es'r
936 2229 1072 2254 CIVILIS
1093 2229 1208 2253 BELLI
1235 2227 1408 2259 QVINTVS.

329 2269 563 2305 Confirmatis
583 2269 621 2303 in
634 2269 764 2302 Africa
778 2267 1015 2312 Pompeianis
1029 2267 1214 2312 partibus,
1236 2265 1429 2310 imperium
1442 2275 1566 2300 earum
1580 2264 1624 2299 P.

265 2315 427 2360 Scipioni
447 2315 610 2349 delatum
630 2318 685 2349 est
704 2314 862 2356 Catone,
884 2313 942 2347 cui
963 2325 1005 2347 ex
1026 2323 1143 2357 aequo
1165 2311 1402 2346 deferebatur
1418 2310 1623 2355 imperium,

264 2362 427 2395 cedente.
466 2364 503 2395 et
522 2372 603 2394 cum
624 2361 668 2394 de
689 2359 869 2394 diruenda
887 2359 978 2393 urbe
993 2358 1102 2393 Vtica
1121 2361 1271 2402 propter
1288 2357 1451 2391 favorem
1467 2355 1625 2390 civitatis

264 2408 341 2440 eins
367 2407 403 2440 in
423 2406 619 2440 Caesarem
645 2404 911 2439 deliberaretur
931 2404 1041 2448 idque
1060 2414 1106 2437 ne
1126 2403 1232 2437 fieret
1251 2402 1300 2436 M.
1322 2402 1414 2436 Cato
1434 2401 1622 2442 tenuisset,

269 2452 358 2485 Iuba
379 2452 573 2494 suadente,
594 2454 634 2484 ut
655 2451 875 2493 dirueretur,
896 2450 1014 2483 tutela
1033 2449 1110 2483 eius
1132 2452 1168 2482 et
1188 2447 1357 2482 custodia
1374 2447 1551 2481 mandata
1570 2450 1625 2480 est

265 2497 408 2530 Catoni.
445 2496 510 2531 Cn.
526 2496 724 2540 Pompeius
737 2495 866 2541 Magni
885 2494 982 2528 filius
1003 2495 1040 2528 in
1054 2494 1237 2538 Hispania
1257 2493 1454 2527 contractis
1473 2491 1621 2533 viribus,

266 2554 418 2585 quarum
449 2542 622 2575 ducatum
653 2552 722 2575 nec
746 2541 923 2574 Afranius
954 2552 1022 2574 nee
1046 2539 1213 2573 Petreius
1246 2539 1412 2582 excipere
1437 2536 1622 2578 volebant,

266 2587 402 2619 bellum
417 2587 591 2621 adversus
606 2586 802 2621 Caesarem
816 2586 1016 2620 renovavit.
1047 2585 1261 2618 Pharnaces
1275 2583 1500 2616 Mithridatis
1513 2580 1623 2623 filius,

267 2643 327 2664 rex
343 2631 449 2665 Ponti
460 2659 468 2674 ,
491 2633 568 2665 sine
588 2632 664 2665 nlla
682 2632 770 2665 belli
791 2642 894 2664 mora
907 2631 1023 2664 victus
1038 2634 1103 2663 est.
1142 2641 1224 2663 cum
1239 2628 1436 2663 seditiones
1448 2627 1587 2660 Romae
1603 2637 1625 2660 a

268 2676 307 2709 P.
324 2676 521 2711 Dolabella
541 2677 687 2710 tribuno
706 2676 843 2720 plebis,
865 2675 985 2720 legem
1005 2675 1147 2710 ferente
1167 2674 1212 2708 de
1232 2673 1334 2707 novis
1354 2672 1508 2716 tabulis,
1529 2671 1623 2706 exci-
