1804 2926
489 171 641 205 LIBER<
665 168 868 213 xxxxv,
893 167 949 202 26.
976 170 1026 210 [a.
1042 166 1081 202 c.
1098 167 1178 210 167]
1428 155 1508 196 175

239 277 413 319 XXVI.
450 275 568 315 Dum
587 273 690 313 haee
710 272 781 321 ibi,
804 271 915 312 alia
905 287 947 311 in
961 271 1011 311 M
1014 270 1197 311 teedom
1191 286 1227 319 ι,
1253 270 1334 312 alia
1348 270 1507 311 Romae

155 347 375 396 ‹ver-unam,
412 336 577 378 interim
606 333 688 389 [in]
714 334 884 388 Illyrico
916 333 968 373 L.
995 333 1173 373 Anicius
1204 348 1304 387 iege
1337 331 1507 381 Gentio,

155 403 261 443 sicut
297 408 392 441 ante
425 399 583 439 dictum
615 405 696 446 est,
733 396 777 436 in
809 403 1058 467 potestatem
1088 395 1276 445 redacto,
1309 394 1508 443 Scodrae,

155 480 263 519 quae
286 463 403 518 legia
427 460 810 515 fuerat,p1aesidio
835 459 1016 514 inposito
1039 458 1269 501 Gabinium
1294 458 1508 513 praefecit,

156 500 358 567 RhizoniO
359 533 400 566 et
414 523 582 565 Olcinio
602 522 777 563 urbibus
803 522 1046 576 opportunis
1062 520 1111 562 C.
1127 521 1352 562 Licinium.
1390 535 1511 575 prae-

155 588 299 643 positis
324 587 388 628 his
414 586 582 640 Illyrico
611 583 746 639 [cum]
769 585 929 638 reliquo
956 584 1141 625 exercitu
1171 584 1215 624 in
1239 582 1417 637 Epirum
1449 590 1511 623 est

155 650 379 705 profectus.
439 647 513 688 ubi
543 648 678 702 prima
708 646 904 687 Phanota
937 646 974 687 ei
1011 646 1151 687 dedita
1182 645 1295 686 omni
1325 644 1512 685 multitu-

155 712 252 753 dine
278 726 373 752 eum
398 709 541 750 infulis
567 709 736 750 obviam
762 708 908 749 effusa.
947 708 1058 757 hinc,
1083 707 1291 762 praesidio
1317 706 1511 762 inposito,
1538 736 1542 741 Δ

155 774 198 815 in
218 773 493 814 Molossidem
518 780 816 826 transgressus,
843 771 960 812 cuius
986 771 1180 811 omnibus
1206 770 1369 824 oppidis
1393 784 1513 824 prae-

156 844 218 877 ter
240 836 520 876 Passaronem
553 843 593 876 et
625 835 882 876 Tecmonem
915 841 953 875 et
986 833 1203 888 Phylacen
1236 841 1276 874 et
1300 833 1513 873 Horreum

156 899 334 953 receptis
354 899 535 952 primum
556 898 609 938 ad
622 897 904 938 Passaronem
925 897 1052 938 ducit.
1090 896 1301 936 Antinous
1323 903 1361 936 et
1376 894 1514 935 Theo-

159 961 280 1001 dotus
317 960 524 1015 principes
563 960 651 1000 cius
688 959 865 1000 civitatis
902 967 1040 1007 erant,
1076 958 1261 1012 insignes
1294 965 1335 998 et
1370 957 1513 997 favore

158 1022 304 1064 Persei
329 1030 369 1063 et
400 1023 495 1062 odio
528 1022 729 1062 adversus
755 1021 989 1070 Romanos,
1020 1021 1130 1061 idem
1155 1020 1375 1060 universae
1399 1019 1515 1074 genti

1525 533 1542 562 10

1580 544 1589 559 -ι

159 1092 348 1125 auctores
382 1084 640 1125 desciscendi
673 1084 725 1124 ab
752 1084 967 1124 Romanis.
1028 1083 1071 1123 hi
1097 1081 1352 1124 conscientia
1376 1081 1514 1135 priva·
1542 1094 1558 1121 ιι

159 1158 224 1188 tae
249 1161 397 1195 noxae,
423 1146 522 1200 quia
546 1146 646 1200 ipsis
673 1146 788 1186 nulla
813 1161 907 1200 spes
933 1145 1079 1186 veniae
1106 1152 1207 1194 erat,
1232 1151 1279 1185 ut
1304 1143 1515 1184 communi

159 1210 279 1250 ruina
304 1209 462 1263 patriae
488 1209 841 1263 opprimerentur,
875 1209 1114 1249 clauserunt
1138 1214 1297 1262 portas,
1330 1205 1516 1246 multitu-

160 1273 313 1320 dinem,
333 1283 376 1312 ut
391 1280 567 1312 mortem
583 1271 773 1312 servituti
792 1278 1110 1325 praeponerent,
1130 1270 1356 1310 hortantes.
1392 1283 1516 1309 nemo

160 1334 359 1375 adversus
402 1333 683 1388 praepotentis
728 1333 839 1373 viros
881 1332 1041 1373 hiscere
1084 1332 1278 1373 audebat.
1348 1331 1517 1372 tandem

160 1396 402 1437 Theodotus
428 1396 613 1449 quidam,
639 1394 789 1436 nobilis
810 1402 850 1435 et
874 1395 963 1449 ipse
984 1395 1244 1443 adulescens,
1270 1408 1367 1434 cum
1385 1393 1518 1433 maior

160 1475 184 1500 a
215 1458 415 1500 Romanis
451 1466 588 1498 metus
631 1457 821 1497 timorem
859 1472 884 1498 a
919 1456 1178 1511 principibus
1216 1455 1300 1496 suis
1338 1455 1517 1503 vicisset,

160 1526 287 1574 ‘quae
313 1535 387 1561 vos
417 1519 573 1560 rabies’
611 1519 747 1572 inquit
784 1519 953 1573 ‘agitat,
986 1519 1058 1572 qui
1089 1519 1270 1558 duorum
1300 1517 1518 1558 hominum

160 1598 294 1624 noxae
320 1583 383 1623 cix
387 1582 531 1623 itatem
556 1582 837 1623 accessionem
862 1581 1028 1622 facitis?
1065 1580 1260 1634 equidem
1284 1594 1360 1635 pro
1385 1579 1519 1634 patiia

161 1646 234 1699 qui
257 1646 387 1686 letum
411 1644 687 1714 oppetissent,
713 1659 838 1699 saepe
863 1644 991 1684 fando
1018 1643 1179 1691 audivi3
1209 1641 1317 1698 [qui]
1339 1642 1518 1696 patriam

161 1723 236 1763 pro
266 1723 310 1748 se
346 1707 481 1777 pe‘iire
519 1722 667 1749 aecum
703 1714 939 1755 censer,ent
976 1706 1018 1746 hi
1054 1705 1177 1760 primi
1216 1704 1373 1746 imenti
1410 1714 1518 1745 sunt.

162 1769 264 1823 quin
284 1769 493 1824 aperimus
518 1777 673 1823 persta,
699 1776 738 1810 et
759 1769 984 1823 imperium
1003 1767 1247 1822 accipimus,
1274 1766 1388 1820 quod
1409 1766 1520 1807 orbis

163 1841 368 1872 terrarum
393 1831 595 1885 accepit?’
633 1830 737 1871 haec
763 1831 973 1872 dicentem
998 1845 1094 1871 cum
1123 1829 1347 1870 multitudo
1373 1843 1521 1882 seque-

164 1902 295 1942 retur,
332 1893 544 1933 Antinous
575 1900 616 1933 et
640 1893 883 1933 Theodotus
914 1893 957 1932 in
989 1893 1169 1946 primam
1201 1891 1423 1932 stationem
1447 1891 1521 1930 ho-

165 1955 291 1996 stium
316 1954 582 2008 inruperunt,
614 1961 740 2007 atque
771 1955 830 1995 ibi
855 1954 1076 1995 offerentes
1102 1969 1146 1994 se
1177 1953 1257 2007 ipsi
1282 1953 1521 1999 volneribus

165 2016 394 2058 interfecti.
433 2016 532 2056 urbs
571 2016 712 2057 dedita
747 2023 809 2057 est
846 2016 1060 2056 Romanis.
1134 2015 1257 2056 simili
1293 2014 1522 2068 pertinacia

169 2078 348 2133 Cephali
371 2078 569 2133 principis
596 2078 785 2119 clausum
809 2077 1101 2118 Tecmonem
1091 2091 1182 2131 lpso
1206 2076 1424 2117 interfecto
1449 2091 1523 2130 per

169 2140 421 2182 deditionem
446 2140 614 2194 recepit.
651 2155 729 2181 nee
753 2140 940 2194 Phylace
965 2154 1043 2180 nec
1068 2140 1281 2179 Horreum
1306 2152 1524 2192 oppugna-

169 2203 322 2244 tionem
360 2203 555 2243 tulerunt.
628 2210 777 2257 pacata
816 2202 966 2256 Epiro,
1011 2201 1238 2254 divisisque
1273 2200 1316 2240 in
1351 2200 1524 2241 hiberna
1578 2213 1589 2240 ι

170 2265 299 2319 copiis
324 2279 397 2319 per
423 2272 680 2319 opportunas
704 2264 850 2312 urbes,
875 2278 1090 2318 regressus
1115 2262 1204 2317 ipse
1228 2262 1272 2302 in
1294 2262 1524 2316 Illyricum,

172 2326 371 2375 Scodrae,
397 2341 480 2379 quo
507 2326 692 2379 quinque
716 2326 845 2380 legati
869 2326 922 2367 ab
942 2326 1077 2367 Roma
1102 2332 1315 2373 venerant,
1341 2324 1523 2365 evocatis

172 2405 223 2430 ex
249 2396 335 2429 tota
360 2388 575 2443 provincia
600 2388 859 2443 principibus
885 2395 1138 2429 conventum
1162 2387 1321 2427 habuit.
1365 2386 1424 2426 ibi
1448 2401 1523 2440 pro

171 2451 369 2492 tribunali
394 2450 675 2505 pronuntiavit
696 2451 747 2492 de
768 2450 973 2492 sententia
993 2448 1150 2498 consili,
1177 2456 1368 2489 senatum
1391 2462 1526 2503 popu-

171 2515 342 2567 lumque
368 2513 606 2554 Romanum
630 2514 795 2568 Illyrios
827 2528 916 2554 esse
940 2513 1092 2553 liberos
1123 2511 1287 2553 iubere:
1319 2511 1526 2566 praesidia

173 2591 225 2617 ex
250 2575 442 2616 omnibus
460 2575 638 2631 oppidis,
656 2576 821 2616 arcibus
847 2583 887 2616 et
912 2575 1091 2616 castellis
1117 2589 1207 2615 sese
1234 2574 1524 2615 deducturum.

174 2653 257 2678 non
289 2638 422 2679 solum
454 2638 625 2687 liberos,
664 2638 738 2679 sed
772 2638 897 2679 etiam
929 2637 1120 2679 inmunes
1152 2637 1242 2679 fore
1266 2637 1452 2678 Issenses
1486 2643 1524 2676 et

1551 2028 1590 2055 lt>

1553 2399 1591 2427 12

1554 2648 1592 2676 123
