1804 2926
496 158 647 192 LIBER
672 157 917 201 XXXXIIII⁷
944 158 976 190 ²2.
996 157 1027 190 3.
1055 160 1104 198 [a.
1121 156 1160 191 C.
1178 158 1257 199 169]
1476 148 1555 187 109

204 277 370 317 quoque
383 261 603 303 invehatur
621 259 803 300 hostium
821 259 1025 300 litoribus.
1062 270 1253 314 praetore
1274 260 1443 301 dimisso
1459 274 1557 301 con-

204 326 268 367 sul
293 330 552 365 menstruum
571 323 684 363 iusso
704 322 833 363 milite
853 337 995 363 seeum
1016 322 1124 364 ferre
1149 323 1360 377 profectus
1381 323 1557 363 decumo

202 393 296 441 post
320 386 386 427 die
411 399 538 438 quam
563 385 791 426 exercitum
813 393 1030 439 acceperat
1050 394 1185 425 castra
1205 386 1347 434 movit,
1374 385 1556 426 etunius
1586 397 1595 411 ⁷

203 449 285 490 diei
309 462 554 503 progressus
580 448 658 488 iter
683 447 920 487 convocatis
945 447 1141 487 itinerum
1163 448 1339 488 ducibus
1365 462 1462 488 eum
1487 462 1558 487 ex-

201 525 355 566 ponere
380 510 423 550 in
448 509 619 549 consilio
652 509 858 558 iussisset,
891 523 974 561 qua
1005 510 1180 563 quisque
1207 510 1408 550 ducturus
1436 515 1557 555 esset,

202 572 418 613 summotis
443 571 490 611 iis
516 586 642 624 quam
669 569 822 626 [viam]
848 572 1112 625 potissimum
1137 578 1297 626 peteret
1321 571 1480 612 rettulit
1505 570 1558 610 ad

202 635 433 676 consilium.
471 633 560 674 aliis
586 649 660 688 per
679 633 882 687 Pythium
907 634 1099 688 placebat
1124 634 1203 682 via,
1231 634 1306 674 alis
1330 649 1405 688 per
1431 631 1558 672 Cam-

201 697 351 737 bunios
377 704 551 745 montes,
577 710 661 749 qua
685 696 821 750 priore
847 710 955 736 anno
978 696 1154 737 duxerat
1168 696 1375 736 Hostilius
1401 695 1559 743 consul,

202 759 291 800 aliis
324 766 488 814 praeter
518 758 771 799 Ascuridem
804 759 1015 812 paludem.
1083 759 1267 799 restabat
1298 758 1558 811 aliquantum

202 821 293 862 viae
313 820 564 870 communis3
590 821 732 873 itaque
753 821 795 860 in
815 821 858 860 id
880 829 1057 874 tempus,
1084 835 1166 874 quo
1186 835 1315 874 prope
1336 820 1559 860 divortium

201 883 397 924 itinerum
423 891 557 923 castra
581 882 756 936 posituri
782 889 917 929 erant,
944 882 1188 923 deliberatio
1216 882 1303 923 eius
1329 882 1389 922 rei
1414 882 1556 922 differ-

202 953 281 985 tur.
342 944 385 984 in
408 944 679 985 Perraebiam
704 944 801 985 inde
827 944 958 993 ducit,
992 952 1031 985 et
1056 944 1163 985 inter
1187 944 1378 984 Azorum
1403 950 1443 985 et
1467 943 1558 983 Do-

202 1006 338 1047 lichen
364 1006 513 1047 stativa
538 1006 685 1046 habuit
709 1007 762 1046 ad
787 1006 1089 1047 consulendum
1109 1022 1261 1047 rursus·
1279 1020 1406 1060 quam
1430 1005 1559 1060 potis-

203 1069 354 1109 simum
379 1076 614 1123 capesseret
637 1068 760 1108 viam.

287 1130 372 1171 Per
396 1130 566 1171 eosdem
591 1130 677 1170 dies
692 1130 887 1179 Perseus,
915 1145 1012 1171 eum
1033 1130 1368 1185 adpropinquare
1393 1129 1557 1170 hostem
1586 1144 1591 1158 ¹

203 1193 338 1241 sciret,
364 1192 477 1245 quod
501 1193 579 1232 iter
602 1192 808 1245 petiturus
834 1200 942 1233 05501
968 1193 1154 1246 ignarus,
1182 1192 1316 1232 omnis
1343 1192 1472 1232 saltus
1497 1191 1560 1232 in-

203 1254 337 1295 sidere
369 1253 587 1307 praesidiis
619 1253 774 1293 statuit.
834 1254 876 1292 in
907 1254 1053 1307 iugum
1080 1252 1415 1294 Cambuniorum
1439 1268 1558 1293 mon-

203 1316 622 1357 tium—Volustana
645 1315 726 1370 ipsi
750 1316 1130 1357 vocant—decem
1155 1317 1270 1356 milia
1294 1316 1397 1356 levis
1423 1330 1559 1356 arma-

202 1385 319 1419 turae
338 1378 537 1418 iuvenum
552 1392 647 1417 cum
662 1377 767 1418 (11100
782 1377 1084 1431 Asclepiodoto
1098 1378 1242 1425 mittit3
1269 1378 1322 1417 ad
1343 1378 1559 1418 castellum

202 1441 315 1493 quod
341 1454 466 1494 super
490 1439 741 1480 Ascuridem
774 1439 970 1493 paludem
996 1446 1084 1480 crat
1107 1463 1164 1468 —
1188 1439 1409 1493 Lapathus
1436 1453 1560 1479 voca-

202 1510 269 1542 1111·
292 1501 671 1556 locus-—Hippias
698 1509 838 1542 tenere
865 1502 1018 1541 saltum
1039 1516 1134 1541 011111
1156 1500 1377 1541 duodecim
1401 1500 1561 1540 milium

201 1564 487 1605 Macedonum
517 1564 724 1618 pracsidio
755 1564 906 1605 iussus.
967 1564 1056 1618 ipse
1095 1579 1190 1604 cum
1226 1563 1396 1616 reliquis
1433 1563 1561 1617 copiis

201 1627 334 1681 primo
361 1627 471 1667 circa
496 1626 629 1667 Dium
655 1627 805 1667 stativa
830 1626 995 1675 habuit,
1023 1626 1194 1673 deinde,
1221 1626 1326 1666 adeo
1351 1633 1397 1666 ut
1422 1625 1562 1666 obtor-

202 1690 343 1743 puisse
375 1689 496 1743 inops
529 1689 689 1730 consilii
720 1689 952 1737 videretur,
990 1703 1086 1729 cum
1120 1688 1330 1741 equitibus
1357 1687 1562 1742 expeditis

202 1752 321 1792 litore
345 1766 456 1792 nunc
482 1751 746 1800 Heracleam,
766 1766 878 1791 1111110
902 1750 1073 1791 Philam
1098 1751 1388 1805 percurrebat,
1415 1749 1562 1791 eodem

204 1813 301 1854 inde
326 1828 451 1854 eursu
476 1813 609 1854 Dium
633 1822 839 1867 repetens.

290 1876 371 1915 HL
410 1876 582 1916 Interim
615 1876 775 1916 consuli
807 1875 1011 1917 sententia
1043 1875 1154 1916 stetit
1181 1890 1229 1916 00
1256 1876 1363 1916 saltu
1396 1875 1560 1923 ducere,

205 1937 278 1977 ubi
302 1945 471 1991 propter
486 1936 796 1991 Ortholophum
822 1938 1002 1978 diximus
1028 1937 1138 1991 regis
1165 1945 1300 1978 castra
1316 1936 1346 1992 [.
1363 1968 1371 1977 .
1388 1936 1419 1991 .]
1442 1951 1562 1990 prae-

205 2000 313 2040 mitti
337 2006 476 2039 tamcn
497 2006 692 2052 quattuor
716 1999 831 2038 milia
856 2006 1113 2040 armatorum
1138 1999 1192 2039 ad
1216 1999 1307 2039 loca
1327 2006 1562 2052 opportuna

205 2061 551 2116 praeoccupanda
576 2060 752 2115 placuit3
779 2063 870 2113 quis
895 2061 1123 2115 praepositi
1149 2067 1246 2100 sunt
1265 2060 1328 2100 M.
1344 2059 1561 2108 Claudius,

207 2123 261 2175 Q.
278 2123 466 2163 Marcius
492 2122 672 2164 eonsulis
698 2123 821 2163 filius.
860 2123 1080 2163 confestim
1107 2130 1144 2162 et
1171 2123 1391 2163 universae
1417 2122 1561 2176 copiae

207 2185 502 2239 sequebantur.
569 2192 755 2226 ceterum
787 2185 891 2225 adeo
924 2185 1055 2224 ardua
1087 2192 1126 2224 et
1157 2199 1304 2238 aspera
1330 2191 1370 2225 et
1400 2184 1564 2224 confra-

207 2262 311 2302 gosa
342 2245 451 2302 [via]
485 2247 583 2296 fuit,
622 2254 668 2287 ut
704 2246 923 2301 praemissi
954 2246 1137 2301 expediti
1168 2246 1295 2286 biduo
1326 2246 1564 2300 quindecim

208 2309 369 2350 milium
404 2311 575 2363 passum
606 2323 731 2362 aegre
767 2309 913 2350 itinere
950 2308 1140 2350 confecto
1179 2316 1314 2349 castra
1349 2308 1562 2362 posuerint

208 2371 572 2425 requieverintque
597 2373 618 2422 †
645 2370 808 2411 dierum
839 2385 964 2424 quem
996 2385 1144 2425 cepere
1175 2371 1313 2411 locum
1340 2371 1562 2425 appellant.

209 2434 305 2475 inde
319 2440 484 2488 postero
500 2433 565 2474 die
581 2440 740 2487 septem
754 2432 868 2474 milia
880 2433 1103 2487 progressi,
1118 2433 1279 2474 tumulo
1292 2433 1405 2474 haud
1418 2433 1564 2488 procul

210 2496 394 2537 hostium
425 2495 568 2536 castris
601 2502 742 2549 capto,
778 2495 971 2536 nuntium
1002 2495 1056 2536 ad
1086 2496 1300 2536 consulem
1330 2496 1563 2537 remittunt:

209 2566 457 2613 perventum
493 2558 546 2598 ad
582 2557 744 2599 hostem
781 2572 891 2607 esse,
928 2558 1019 2598 loco
1057 2573 1100 2599 se
1137 2565 1227 2598 11110
1265 2566 1306 2598 01
1341 2559 1395 2598 ad
1425 2558 1565 2598 onmia

213 2628 449 2676 opportuno
475 2621 730 2670 consedisse,
761 2628 806 2662 ut
838 2627 1040 2675 quantum
1072 2620 1296 2662 extendere
1325 2621 1402 2662 iter
1426 2635 1566 2676 posset

1583 275 1601 302 4

1583 407 1602 425 ι)

1586 1267 1626 1296 10

1588 1391 1624 1418 11
