1804 2926
556 241 601 275 T.
626 240 736 276 LIVI
759 238 1092 274 FRAGMENTA.
1425 227 1508 270 ‘227

152 337 269 372 solum
281 336 470 370 Minervae
483 332 717 367 simulacrum
731 331 798 365 sub
810 334 917 365 tanta
928 330 1035 364 ruina
1049 330 1177 375 templi
1189 329 1288 364 illius
1297 356 1306 373 ,
1325 332 1368 362 ut
1386 328 1512 363 scribit

151 382 288 425 Livius,
315 382 499 426 integrum
516 378 660 412 stetisse
679 377 912 421 perhibetur,
938 386 1013 409 non
1030 380 1072 410 ut
1091 376 1272 410 diceretur
1298 374 1365 407 ·Di
1387 373 1510 419 patrii,

152 438 306 473 quorum
327 437 470 470 semper
489 424 555 458 sub
573 422 722 457 numine
743 422 857 456 Troia
875 422 946 456 est’
973 422 1092 466 (Very.
1114 423 1201 455 Aen.
1219 421 1334 456 VIIII
1353 420 1437 465 247)
1464 419 1513 453 ad

152 484 277 508 eorum
293 472 456 513 laudem,
483 469 547 504 sed
564 480 611 503 ne
630 468 813 502 diceretur
837 467 1053 501 ‘Excessere
1072 478 1199 501 omnes
1219 467 1340 511 adytis
1367 466 1512 509 arisque

151 517 288 552 relictis
302 517 353 550 di'
373 517 464 562 (ibid.
478 515 517 549 Π
529 514 594 548 351
604 515 671 559 sq.)
686 513 734 548 ad
753 522 877 547 eorum
893 513 1155 547 defensionem.
1202 513 1383 556 Anquslz'n.
1397 513 1438 544 (Ie
1451 512 1510 544 eiu.

152 564 206 597 dei
215 563 274 596 HI
289 563 320 596 7.

220 609 265 653 [l)
289 607 334 640 L.
354 605 473 640 Cinna
490 615 552 639 1111
577 607 614 639 et
634 603 699 638 Cn.
719 603 893 649 Papirius
913 615 953 638 11.
1000 603 1071 637 His
1096 602 1308 637 consulibus
1326 601 1456 635 Asiam
1475 600 1514 634 in

152 664 266 688 XLnn
276 651 446 697 regiones
461 649 566 695 Sylla
579 649 777 683 distribuit.
829 650 982 684 Cassiod.
998 651 1020 683 l.
1035 651 1057 683 l.
1073 661 1104 682 α.
1118 661 1151 682 u.
1167 648 1245 682 670.

547 724 562 739 *
574 725 650 750 ΜΒ.
664 732 690 750 a.
705 732 733 750 u.
748 732 772 750 e.
786 725 929 749 LXXXVI
945 724 1084 756 (LXXXV
1096 724 1116 753 ἓ)

219 764 266 809 m)
280 764 323 798 L.
340 762 461 808 Scipio
476 766 513 798 et
527 762 566 798 C.
580 763 792 798 Norbanus.
839 763 908 796 His
928 762 1140 797 consulibus
1154 759 1379 805 Capitolium
1393 762 1514 794 custo-

152 810 239 845 dum
250 808 490 855 neglegentia
503 813 768 843 concrematur.
819 809 972 843 Cassiod.
987 810 1009 841 l.
1025 809 1047 841 l.
1063 820 1094 841 α.
1110 820 1141 840 u.
1159 807 1254 848 eu]

652 879 726 904 LIB-
741 886 765 903 a.
781 887 809 904 u.
823 886 848 903 c.
862 878 1014 903 LXXXXI.

221 925 279 970 19)
305 923 458 967 [Nocte]
478 928 604 958 tamen
628 923 838 968 insequenti
862 923 942 968 ipso
962 922 1208 968 pervigilante
1227 921 1266 955 in
1285 920 1415 956 eodem
1434 919 1514 953 loeo

154 969 228 1005 alia
253 970 413 1004 excitata
435 969 546 1002 turris
570 969 689 1014 prima
713 970 794 1003 luce
820 969 995 1002 miraculo
1022 968 1189 1002 hostibus
1212 967 1294 1001 fuit.
1349 965 1456 999 simul
1481 968 1517 999 et

154 1015 281 1061 oppidi
299 1014 427 1057 turris,
449 1025 544 1058 quae
557 1015 752 1048 maximum
766 1013 1085 1060 propugnaculum
1098 1013 1238 1056 fuerat,
1261 1011 1421 1046 subrutis
1434 1011 1517 1044 fun·

155 1060 354 1103 (lamentis,
394 1059 580 1094 dehiscere
611 1060 825 1105 ingentibus
854 1060 954 1093 rimis
982 1064 1019 1093 et
1048 1059 1255 1104 tu[gurium
1286 1056 1516 1101 conflagrare

155 1109 419 1149 c]o[rrept]um
437 1105 517 1150 igni
542 1105 682 1150 coepit,
708 1105 942 1149 incendiique
963 1105 1070 1138 simul
1090 1110 1126 1139 et
1144 1104 1273 1137 ruinae
1287 1107 1388 1136 metu
1400 1101 1519 1135 territi

155 1150 439 1186 Contrebienses
453 1151 497 1184 de
511 1161 613 1184 muro
626 1150 762 1195 trepidi
774 1150 1003 1196 refugerunt,
1030 1154 1076 1192 et,
1103 1154 1144 1183 ut
1156 1148 1273 1194 legati
1286 1148 1519 1181 mitterentiu·

156 1197 203 1231 ad
224 1196 431 1230 dedendam
449 1195 596 1238 urbem,
625 1196 672 1230 ab
697 1196 869 1230 universa
893 1195 1128 1229 multitudine
1155 1194 1426 1228 conclamatum
1452 1195 1516 1225 est.

155 1242 286 1277 eadem
305 1241 430 1284 virtus,
447 1251 541 1285 quae
560 1241 776 1275 inritaverat
796 1244 1084 1286 oppugnantem,
1104 1240 1281 1274 victorem
1301 1237 1518 1282 placabilio—

154 1298 231 1321 rem
256 1286 356 1320 fecit.
405 1285 595 1319 obsidibus
616 1286 778 1330 acceptis
796 1286 977 1330 pecuniae
997 1285 1180 1319 modicam
1200 1285 1322 1329 exegit
1341 1293 1519 1316 summam

156 1342 330 1376 armaque
349 1331 472 1365 omnia
491 1331 638 1365 ademit.
685 1331 937 1376 trans[f]ugas
962 1330 1098 1365 liberos
1123 1330 1223 1364 vivos
1250 1330 1297 1363 ad
1322 1340 1359 1362 se
1386 1327 1520 1362 adduci

155 1377 275 1419 iussit,
301 1376 492 1421 fugitivos,
515 1386 667 1420 quorum
685 1376 802 1410 maior
819 1376 1016 1410 multitudo
1036 1379 1132 1420 erat,
1159 1374 1248 1421 ipsis
1267 1373 1461 1418 imperavit
1478 1376 1520 1405 ut

155 1421 416 1456 interficerent.
464 1420 649 1466 iugulatos
664 1421 708 1455 de
722 1431 825 1455 muro
840 1421 1064 1456 deiecerunt.

223 1467 314 1501 Cum
338 1477 478 1511 magna
501 1468 645 1501 iactura
674 1466 830 1500 militum
855 1471 1030 1510 quattuor
1054 1469 1090 1500 et
1114 1464 1364 1510 quadraginta
1390 1463 1519 1497 diebus

155 1512 356 1547 Contrebia
376 1515 589 1556 expugnata
606 1511 809 1556 relictoque
829 1511 879 1546 ibi
900 1511 944 1545 L.
965 1511 1103 1545 Insteio
1124 1514 1226 1552 [cum
1238 1509 1361 1543 valido
1382 1508 1519 1553 praesi-

155 1558 246 1600 dio]‚
270 1558 349 1602 ipse
364 1557 412 1590 ad
430 1556 611 1591 Hiberum
627 1556 765 1591 flumen
779 1557 904 1602 copias
919 1556 1082 1591 adduxit.
1130 1555 1183 1589 ibi
1195 1553 1446 1589 hibernaculis
1465 1564 1519 1587 se-

155 1603 316 1637 cundum
335 1602 528 1646 oppidum,
556 1602 654 1647 quod
674 1602 805 1637 Castra
823 1602 935 1637 Aelia
958 1606 1127 1644 vocatur,
1156 1599 1363 1635 aedificatis
1383 1599 1461 1643 ipse
1482 1598 1520 1631 in

155 1648 285 1682 castris
297 1647 483 1691 manebat,
509 1647 670 1682 interdiu
682 1652 900 1682 conventum
915 1647 1097 1682 sociarum
1110 1645 1313 1681 civitatium
1333 1645 1371 1678 in
1384 1644 1520 1688 oppido

156 1693 305 1739 agebat.
354 1703 456 1727 arma
474 1697 515 1726 ut
532 1692 665 1728 fierent
683 1704 749 1738 pro
764 1693 881 1738 copiis
894 1694 1070 1738 cuiusque
1082 1691 1212 1737 populi
1228 1702 1295 1736 per
1307 1694 1424 1724 totam
1437 1700 1521 1734 pro-

154 1738 312 1773 vinciam
326 1738 508 1782 edixerat,
522 1738 655 1783 quibus
666 1739 842 1784 inspectis
855 1738 993 1773 referre
1000 1742 1125 1773 vetera
1140 1747 1240 1771 arma
1254 1736 1391 1769 milites
1402 1735 1519 1778 iussit,

157 1795 253 1829 quae
273 1787 337 1818 aut
362 1784 554 1818 itineribus
579 1784 716 1819 crebris
743 1788 807 1818 aut
827 1783 1184 1830 oppu[gnati0nibus
1210 1786 1247 1816 et
1271 1781 1422 1826 proeliis
1442 1780 1519 1814 inu-

156 1829 252 1873 tilia]
267 1828 369 1862 facta
383 1833 499 1872 erant,
524 1840 693 1874 novaque
706 1830 793 1863 viris
806 1841 872 1874 per
885 1829 1120 1864 centuriones
1133 1827 1267 1861 divisit.
1316 1826 1521 1870 equitatum

158 1885 302 1918 quoque
316 1874 418 1907 novis
430 1874 602 1909 instruxit
615 1875 737 1919 armis,
757 1875 1049 1919 vestimentaque
1063 1876 1288 1919 praeparata
1302 1877 1387 1906 ante
1403 1871 1521 1904 divisa

159 1924 195 1953 et
209 1919 431 1962 stipendium
445 1919 582 1953 datum.
629 1919 768 1963 fabros,
788 1931 876 1954 cura
889 1919 1126 1964 conquisitos,
1146 1918 1309 1962 undique
1324 1917 1518 1954 exciverat,

159 1964 292 2009 quibus
311 1962 461 1998 officina
480 1963 631 2007 publica
649 1964 839 2006 injstituta
856 1966 1050 2009 uteretur],
1075 1964 1219 1998 ratione
1237 1963 1346 2003 inita,
1375 1962 1463 2006 quid
1483 1962 1521 1994 in

159 2009 323 2054 singulos
342 2009 420 2042 dies
445 2008 546 2042 effici
568 2009 694 2053 possit.
742 2011 866 2054 itaque
887 2010 1010 2044 omnia
1035 2009 1143 2043 simul
1166 2009 1408 2042 instrumenta
1434 2006 1521 2040 belli

158 2054 404 2099 parabantur,
434 2064 554 2098 neque
578 2054 733 2088 materia
758 2054 962 2089 artificibus
985 2053 1216 2098 praeparatis
1242 2057 1327 2086 ante
1353 2052 1522 2085 omnibus

161 2099 302 2142 [e]nixo
323 2099 561 2142 civit[at]ium
583 2099 738 2142 [st]udio
752 2111 832 2136 ,nec
853 2111 918 2133 suo
937 2101 1091 2144 quisque
1106 2098 1209 2143 operi
1228 2097 1360 2131 artifex
1381 2097 1521 2130 deerat.

160 2144 370 2179 convocatis
394 2144 527 2179 deinde
552 2145 713 2178 omnium
734 2144 956 2190 populorum
980 2144 1230 2190 legationibus
1250 2147 1287 2177 et
1306 2142 1521 2185 civitatium,

160 2190 299 2236 gratias
326 2189 419 2235 egit,
447 2189 561 2234 quod,
589 2201 682 2234 quae
708 2190 879 2234 inperata
904 2196 1027 2224 essent
1050 2190 1088 2223 in
1113 2188 1358 2233 [p]edestre[s
1384 2187 1520 2231 copias,

159 2235 505 2280 prae]sti[tissent];
531 2245 621 2279 quas
641 2235 720 2279 ipse
739 2246 798 2270 res
821 2236 873 2278 [in
893 2234 1134 2270 defendendis
1154 2233 1276 2275 sociis]
1302 2243 1465 2277 quasque
1484 2232 1523 2265 in

161 2280 420 2325 oppugnandis
439 2279 592 2314 urbibus
609 2280 768 2314 hostium
787 2280 962 2326 gessisset
975 2292 1018 2315 ex
1046 2279 1142 2314 osuit
1155 2282 1192 2313 et
1212 2278 1259 2312 ad
1272 2278 1416 2322 reliqua
1433 2277 1523 2312 belli

162 2326 372 2359 cohortatus
391 2329 446 2359 est
468 2326 598 2369 paucis
623 2326 783 2369 edoctos,
813 2329 990 2370 quantum
1047 2324 1214 2369 ispaniae
1240 2322 1451 2368 provinciae
1469 2323 1522 2356 in-

162 2374 332 2413 teresset,
360 2382 444 2404 suas
469 2376 594 2414 partes
619 2372 824 2415 superiores
850 2382 941 2406 esse.
1002 2371 1149 2404 dimisso
1175 2368 1308 2403 deinde
1341 2371 1524 2402 conventu

162 2416 341 2460 iussisque
367 2416 534 2449 omnibus
562 2416 674 2459 [bono
700 2416 820 2450 animo
846 2427 925 2451 esse
952 2420 1080 2460 atque]
1111 2415 1149 2448 in
1175 2414 1361 2455 civitatejs
1383 2413 1522 2456 rediJre

162 2472 258 2503 suaS,
285 2460 465 2505 principio
489 2461 583 2495 veris
603 2461 653 2495 M.
673 2461 898 2506 Perpernam
917 2473 1001 2496 cum
1023 2460 1155 2506 Viginti
1178 2459 1325 2493 milibus
1344 2459 1521 2503 peditum,

163 2506 348 2551 equitibus
361 2506 460 2540 mille
476 2506 697 2552 quingentis,
713 2507 752 2540 in
763 2507 998 2541 Ilurcaonum
1012 2510 1162 2552 gentem
1174 2505 1273 2538 misit
1287 2504 1333 2537 ad
1347 2503 1522 2538 tuendam

164 2551 326 2597 regionis
346 2551 422 2585 eius
442 2552 662 2586 maritimam
683 2563 796 2596 oram,
824 2552 919 2585 datis
936 2552 1158 2597 praeceptiS,
1186 2550 1317 2595 quibus
1331 2549 1524 2583 itineribus

164 2597 315 2631 duceret
333 2596 381 2630 ad
399 2596 651 2631 defendendas
671 2597 788 2632 socias
806 2598 932 2640 urbes,
960 2609 1052 2643 quas
1072 2597 1258 2640 Ponpeius
1279 2599 1522 2640 oppugnaret,

163 2642 368 2688 quibusque
380 2642 500 2686 ipsum
514 2654 647 2688 agmen
661 2642 804 2688 Ponpei
818 2654 861 2678 ex
873 2643 1050 2686 insidii[s]
1066 2641 1341 2687 adgrederetur.

230 2687 371 2722 Eodem
395 2692 560 2732 tempore
586 2692 623 2722 et
642 2688 689 2722 ad
713 2688 1014 2731 Herennuleium,
1064 2682 1104 2721 'ui
1127 2688 1165 2720 in
1182 2686 1301 2721 isdem
1320 2686 1411 2720 locis
1431 2691 1522 2729 erat,

163 2733 305 2768 litteras
324 2732 423 2767 misit
442 2737 479 2767 et
502 2732 540 2766 in
560 2733 713 2767 alteram
739 2733 965 2778 provinciam
985 2733 1032 2768 ad
1088 2760 1094 2767 .
1115 2732 1356 2776 Hirtuleium,
1381 2732 1523 2777 praeci-

1237 2789 1303 2824 15*
