1804 2926
513 167 665 200 LIBER
690 166 878 210 XXXXI,
908 167 961 200 16.
983 168 1033 200 17.
1063 170 1111 210 [a.
1127 167 1164 202 C.
1181 169 1260 211 176]
1517 162 1568 201 10

213 270 304 311 tiles
336 270 476 310 edixit.
537 269 671 324 plenis
703 268 953 323 religionum
990 270 1138 311 animis
1173 271 1364 326 prodigia
1399 272 1569 326 insuper

213 331 422 379 nuntiata,
454 331 629 372 Tusculi
664 331 801 372 facem
838 331 882 372 in
912 332 1026 372 caelo
1063 333 1215 381 risam,
1255 332 1389 374 Gabis
1421 335 1567 375 aedem

211 393 419 448 Apollinis
447 402 484 434 et
510 394 675 448 privata
702 393 891 434 aedificia
916 395 1130 448 conplura,
1160 394 1375 437 Graviscis
1400 412 1567 437 murum

209 465 455 510 portamque
482 456 533 496 de
559 456 673 496 caelo
699 463 822 496 taeta.
885 470 933 496 ea
958 466 1098 509 patres
1123 459 1352 511 procurari,
1378 459 1439 499 uti
1463 474 1568 514 pon-

209 518 339 558 tifices
365 518 636 566 censuissent,
661 517 884 558 iusserunt.

293 580 411 621 Dum
426 581 616 621 consules
635 580 816 634 primum
834 580 1069 635 religiones,
1097 581 1246 623 deinde
1267 583 1444 623 alterum
1465 583 1566 624 alte-

208 643 293 684 rius
318 658 429 683 mors
454 651 492 684 et
521 643 687 683 comitia
712 650 753 683 et
777 642 1027 683 Latinarum
1058 643 1304 684 instauratio
1335 645 1565 699 inpediunt,

209 705 373 747 interim
396 704 444 746 C.
469 703 672 745 Claudius
699 705 928 745 exercitum
954 705 1007 745 ad
1027 705 1253 755 Mutinam,
1280 721 1407 759 quam
1432 707 1567 762 Ligu-

207 783 273 808 res
298 767 434 822 priore
461 782 568 807 anno
595 776 812 822 ceperant,
848 767 1046 808 admovit.
1108 776 1203 809 ante
1229 769 1413 809 triduum
1439 783 1566 822 quam

208 844 452 884 oppugnare
484 840 699 883 coeperat,
732 838 944 883 receptam
971 845 1022 871 ex
1052 830 1240 871 hostibus
1267 831 1423 872 colonis
1448 832 1567 873 resti-

208 892 297 932 tuit.
347 899 439 932 octo
464 891 579 931 milia
603 891 660 931 ibi
681 891 892 945 Ligurum
916 892 1024 932 intra
1049 907 1190 933 muros
1217 907 1358 941 eaesa3
1384 894 1565 934 litterae-

208 969 289 1007 que
314 954 493 994 Romam
531 954 740 1007 extemplo
778 953 974 1007 scriptae,
1012 954 1164 1007 quibus
1200 969 1285 995 non
1316 955 1439 995 modo
1476 971 1563 996 rem

208 1023 447 1070 exponeret,
474 1016 546 1056 sed
572 1016 697 1055 etiam
721 1015 990 1069 gloriaretur,
1017 1031 1092 1056 sua
1117 1016 1269 1057 virtute
1295 1032 1343 1057 ae
1367 1017 1563 1059 felicitate

208 1078 416 1119 neminem
440 1078 523 1118 iam
548 1077 606 1118 cis
631 1078 753 1131 Alpis
784 1077 947 1117 hostem
971 1079 1127 1132 populo
1152 1079 1363 1128 Romaim,
1390 1080 1563 1134 agrique

207 1142 466 1194 aliquantum
499 1149 687 1194 captum,
724 1140 797 1194 qui
826 1140 967 1181 multis
999 1141 1167 1182 milibus
1192 1141 1409 1182 hominum
1434 1143 1563 1183 dividi

207 1203 359 1243 viritim
384 1212 537 1256 posset.

290 1264 440 1306 XVII.
478 1263 533 1303 Et
548 1263 612 1304 Ti.
630 1262 904 1317 Sempronius
927 1264 1073 1305 eodem
1099 1271 1286 1319 tempore
1311 1265 1353 1305 in
1370 1265 1563 1307 Sardinia

205 1327 345 1367 multis
384 1325 577 1367 secundis
614 1325 781 1379 proeliis
815 1325 971 1366 Sardos
1007 1326 1257 1380 perdomuit.
1324 1328 1563 1380 quindecim

206 1389 319 1429 inilia
342 1387 525 1428 hostium
550 1395 645 1427 sunt.
676 1401 817 1433 caesa,
856 1402 999 1428 omnes
1027 1387 1259 1429 Sardorum
1290 1390 1452 1444 populi,
1490 1390 1562 1442 qui

207 1450 464 1498 defecerant,
502 1449 544 1489 in
581 1449 787 1490 dicionem
823 1449 992 1490 redacti.
1055 1450 1319 1504 stipendiarIs
1351 1452 1561 1492 veteribus

206 1513 359 1568 duplex
391 1511 572 1566 vectigal
602 1511 853 1566 imperatum
884 1520 1182 1565 exact11n1q11e3
1222 1513 1348 1554 ceteri
1377 1514 1563 1555 frumen-

1595 286 1612 315 G

1591 785 1610 812 ὃ

1591 907 1607 936 9

1589 1340 1607 1369 [0

204 1583 293 1616 tum
318 1575 596 1616 contulerunt.
655 1582 806 1628 pacata
830 1574 1047 1628 provincia
1072 1575 1374 1629 obsidibusque
1400 1591 1451 1617 ex
1476 1584 1559 1617 tota
1588 1588 1605 1617 3

205 1637 340 1678 insula
376 1637 565 1677 ducentis
602 1636 773 1690 triginta
811 1637 992 1691 acceptis
1028 1637 1156 1691 legati
1187 1638 1367 1679 Romam
1405 1638 1476 1692 qui
1513 1654 1561 1680 ea

205 1699 443 1740 nuntiarent
467 1698 582 1739 missi
603 1698 758 1751 quique
785 1698 837 1738 ab
864 1707 1010 1739 senatu
1035 1707 1236 1753 peterent,
1261 1708 1305 1740 ut
1327 1701 1380 1740 ob
1401 1716 1470 1742 eas
1496 1716 1559 1742 res

204 1762 332 1802 ductu
359 1760 627 1815 auspicioque
653 1760 718 1800 Ti.
747 1759 970 1814 Semproni
994 1776 1194 1816 prospere
1225 1770 1365 1816 gestas
1391 1762 1468 1803 diis
1499 1763 1561 1803 in-

204 1823 447 1863 mortalibus
474 1822 604 1862 honos
630 1821 866 1871 haberetur,
890 1822 1055 1876 ipsique
1076 1823 1292 1864 decedenti
1318 1824 1368 1865 de
1393 1825 1561 1878 provin-

205 1886 269 1926 cia
293 1884 522 1926 exercitum
553 1899 694 1925 secum
728 1885 947 1938 deportare
976 1885 1130 1926 liceret.
1191 1894 1358 1926 senatus
1390 1886 1433 1926 in
1458 1887 1559 1927 aede

208 1946 414 2001 Apollinis
445 1946 679 1999 legatorum
711 1946 850 1986 verbis
882 1946 1035 1986 auditis
1061 1947 1408 2001 supplicationem
1431 1949 1473 1988 in
1498 1949 1561 1988 bi-

207 2010 336 2049 duum
362 2007 558 2054 dem-evit,
585 2015 623 2047 et
650 2007 928 2061 quadraginta
948 2008 1176 2049 maioribus
1202 2008 1347 2049 hostiis
1369 2011 1560 2051 consules

207 2072 437 2113 sacrificare
451 2070 583 2115 iussit,
610 2070 674 2109 Ti.
693 2068 990 2123 Sempronium
1004 2071 1294 2124 proconsulem
1312 2072 1561 2113 exercitum-

206 2149 287 2188 que
314 2148 362 2174 eo
388 2147 496 2172 anno
521 2132 565 2172 in
590 2132 803 2186 provincia
827 2147 1009 2172 manere.

293 2195 476 2236 Comitia
501 2195 650 2235 deinde
676 2194 857 2234 consulis
887 2195 1011 2235 unius
1037 2194 1314 2249 subrogandi,
1342 2194 1470 2250 [quae
1495 2195 1558 2252 in]

207 2266 301 2299 ante
332 2258 443 2298 diem
478 2257 645 2297 tertium
676 2270 807 2296 nonas
839 2255 1019 2297 Sextiles
1051 2256 1187 2298 edicta
1218 2266 1354 2307 erant,
1391 2273 1439 2299 eo
1469 2259 1559 2313 ipso

207 2321 272 2361 die
299 2327 393 2359 sunt
418 2318 621 2359 confecta.
682 2317 735 2369 Q.
761 2318 952 2358 Petillius
978 2319 1123 2359 consul
1149 2319 1365 2373 collegam,
1391 2321 1462 2373 qui
1488 2336 1560 2361 ex-

206 2382 361 2436 templo
386 2381 678 2435 magistratum
703 2380 923 2434 occiperet,
949 2380 1102 2421 creavit
1130 2379 1179 2421 C.
1206 2381 1423 2423 Valerium
1447 2382 1559 2424 Lae-

206 2445 363 2485 vinum.
400 2443 487 2497 ipse
507 2443 590 2483 iam
611 2442 681 2482 diu
704 2442 880 2496 cupidus
906 2442 1158 2496 provinciae,
1186 2459 1281 2483 cum
1301 2454 1559 2498 opportunae

207 2505 424 2560 cupiditati
457 2505 544 2545 eius
576 2505 737 2545 litterae
769 2504 918 2545 allatae
948 2511 1085 2546 essent.
1110 2504 1291 2560 Ligures
1321 2507 1558 2555 rebellasse,

206 2568 325 2608 nonis
353 2566 582 2608 Sextilibus
612 2567 835 2621 paludatus
869 2566 974 2622 [....
1008 2567 1198 2622 senatus]
1229 2568 1373 2609 litteris
1406 2570 1558 2610 auditis

207 2630 409 2670 tumultus
446 2629 535 2670 eius
572 2644 698 2670 causa
734 2629 941 2683 legionem
973 2630 1136 2671 tertiam
1168 2631 1221 2671 ad
1254 2630 1303 2671 C.
1332 2630 1557 2672 Claudium
