1804 2926
456 164 608 199 LIBER
632 162 835 206 xxxxv,
862 162 916 195 29.
936 161 991 205 30,
1021 160 1220 205 [a.e.167]
1435 151 1514 192 179

165 268 487 324 septentrionem
523 267 636 307 Bora
672 280 791 306 mons
828 264 1025 313 obicitur3
1070 264 1231 306 adiecta
1276 263 1373 305 huic
1407 263 1515 318 parti

164 331 278 385 regio
302 329 534 378 Paeoniae,
569 342 654 382 qua
685 328 739 369 ab
772 342 923 368 occasu
958 336 1123 382 practer
1153 327 1314 368 Axium
1350 340 1515 366 amnem

163 391 405 448 porrigitur3
431 389 594 431 Edessa
614 404 781 444 quoque
807 397 846 431 et
860 389 1023 430 Beroea
1042 389 1188 430 eodem
1210 395 1514 430 concesserunt.

162 462 312 507 quarta
346 451 462 506 regio
501 459 614 492 trans
653 452 823 492 dorsum
857 450 1031 506 [Borae]
1073 451 1245 500 montis,
1282 465 1366 491 una
1400 457 1517 504 parte

163 514 337 556 confinis
364 513 546 568 Illyrico,
573 514 703 554 altera
722 513 867 568 Epiro.
906 513 1042 567 capita
1065 513 1296 567 regionum,
1322 511 1394 552 ubi
1419 525 1517 551 con-

164 577 257 618 cilia
275 576 434 624 fierent,
459 575 618 630 prilnae
638 575 819 630 regionis
833 575 1136 630 Amphipolim,
1162 573 1370 615 secundae
1383 572 1517 613 Thes-

165 639 393 687 salonicen,
420 638 565 679 tertiae
590 638 774 686 Pellam,
800 647 971 691 quartae
997 637 1272 691 Pelagoniam
1296 635 1407 676 fecit.
1468 649 1516 675 eo

164 699 338 740 concilia
363 714 463 740 suae
488 699 691 753 cuiusque
712 699 893 754 regionis
918 699 1057 747 indici,
1082 697 1303 752 pecuniam
1323 695 1515 744 conferri,

163 763 222 803 ibi
246 762 514 816 magistratus
541 762 670 803 creari
700 762 832 802 iussit.
893 761 1176 817 pronuntiavit
1201 759 1350 801 deinde
1380 773 1517 812 neque

165 824 392 865 conubium
421 838 557 877 neque
589 824 885 865 commercium
919 838 1115 878 agrorum
1152 822 1518 874 aedificiorumque

165 886 272 927 inter
297 901 340 927 se
374 886 538 939 placere
565 886 760 939 cuiquam
792 895 910 926 extra
939 886 1041 926 fines
1074 884 1254 938 regionis
1287 898 1386 924 suae
1412 897 1515 923 esse.

165 947 334 988 metalla
359 961 526 1000 quoque
549 947 639 988 auri
665 956 789 1000 atque
814 947 975 1001 argenti
1000 961 1085 987 non
1104 945 1299 993 exerceri,
1324 959 1401 985 nec
1422 943 1520 984 ferri

167 1017 208 1050 ct
239 1009 344 1049 aeris
381 1009 578 1063 permitti.
639 1009 819 1063 vectigal
850 1008 1140 1050 exercentibus
1178 1005 1396 1048 dimidium
1432 1005 1519 1046 eius

166 1070 392 1124 inpositum
430 1070 542 1124 quod
578 1071 873 1124 pependissent
909 1070 1011 1125 regi.
1073 1076 1111 1110 et
1150 1069 1235 1109 sale
1265 1067 1428 1108 invecto
1460 1066 1521 1106 uti

166 1132 311 1172 vetuit.
372 1131 583 1172 Dardanis
620 1133 904 1187 repetentibus
937 1131 1188 1178 Paeoniam,
1228 1129 1341 1183 quod
1373 1136 1414 1169 et
1445 1143 1521 1168 sua
1570 1145 1576 1150 “

167 1194 313 1235 fuisset
332 1200 373 1234 et
393 1194 607 1234 continens
630 1204 736 1235 esset
761 1195 912 1234 finibus
934 1194 1031 1241 suis,
1058 1193 1251 1233 omnibus
1274 1192 1372 1232 dare
1396 1190 1521 1231 liber-

167 1264 295 1297 tatem
320 1255 624 1310 pronuntiavit,
656 1256 728 1308 qui
753 1256 830 1296 sub
856 1269 985 1310 regno
1010 1254 1155 1295 Persei
1179 1253 1368 1294 fuissent.
1427 1258 1521 1306 post

167 1332 251 1358 non
279 1317 544 1371 impetratam
567 1316 796 1356 Paeoniam
832 1317 927 1357 salis
954 1315 1250 1356 commercium
1275 1315 1407 1363 dedit3
1439 1322 1520 1354 ter-

167 1380 248 1420 tiae
285 1378 446 1433 regioni
478 1378 717 1432 imperavit,
754 1386 801 1418 ut
833 1377 987 1419 Stobos
1012 1377 1224 1418 Paeoniae
1256 1376 1520 1422 deveherent,

167 1441 429 1496 pretiumque
461 1440 617 1481 statuit.
676 1441 870 1481 navalem
895 1439 1112 1480 materiam
1139 1446 1179 1479 et
1211 1438 1323 1493 ipsos
1349 1436 1521 1477 caedere

167 1513 209 1545 et
245 1503 346 1543 alios
383 1502 471 1557 pati
507 1503 651 1543 vetuit.
719 1502 961 1557 regionibus
993 1516 1100 1554 quae
1138 1500 1296 1541 adfines
1333 1498 1521 1539 barbaris

168 1572 560 1618 essent—excepta
582 1573 722 1606 autem
747 1565 869 1605 tertia
894 1579 1037 1604 omnes
1057 1561 1454 1616 erant—permisit,
1479 1568 1523 1600 ut

168 1626 375 1682 praesidia
400 1636 560 1667 armata
584 1627 627 1667 in
651 1627 806 1667 finibus
832 1626 1027 1668 extremis
1054 1625 1267 1665 haberent.

252 1688 409 1729 XXX.
448 1690 569 1729 Haec
601 1689 868 1743 pronuntiata
899 1689 1032 1743 primo
1058 1687 1123 1728 die
1150 1693 1379 1727 conventus
1411 1684 1523 1724 varie

170 1750 412 1792 adfecerunt
440 1751 611 1791 animos.
649 1751 819 1792 libertas
844 1758 1008 1805 praeter
1033 1764 1150 1804 spem
1175 1748 1272 1789 data
1297 1746 1459 1788 adrexit
1483 1754 1521 1786 et

169 1813 354 1853 levatum
379 1827 564 1852 annuum
588 1813 780 1867 vectigal.
839 1811 1088 1867 regionatim
1119 1809 1368 1852 commercio
1398 1808 1524 1848 inter—

171 1874 283 1927 rupti
308 1872 427 1927 [sibi]
455 1874 513 1914 ita
542 1873 674 1914 videri
703 1875 873 1914 lacerati
905 1884 1119 1926 tamquam
1145 1871 1313 1912 animali
1343 1870 1386 1910 in
1411 1877 1524 1910 artus

172 1935 346 1975 alterum
373 1934 539 1974 alterius
564 1934 787 1989 indigentis
814 1935 1028 1983 distract03
1056 1934 1173 1982 adeo,
1200 1941 1356 1986 quanta
1380 1932 1526 1971 Elaee-

173 1997 298 2037 donia
322 2004 449 2044 esset,
477 2010 603 2049 quam
629 1997 780 2037 divisui
805 1997 938 2036 facilis
965 2004 1003 2037 et
1029 2011 1072 2036 se
1097 1995 1187 2049 ipsa
1212 2007 1403 2047 quaeque
1429 2007 1526 2033 con-

173 2068 289 2099 tenta
317 2072 415 2112 pars
447 2065 574 2106 esset,
612 2058 869 2099 Macedones
900 2071 1067 2110 quoque
1100 2055 1362 2110 ignorabant.
1430 2068 1526 2108 pars

174 2120 308 2175 prima
332 2119 512 2159 Bisaltas
544 2120 688 2169 habet,
721 2119 966 2160 fortissimos
992 2119 1102 2159 viros
1126 2142 1181 2145 -ffl
1207 2125 1319 2157 trans
1344 2116 1525 2156 Nessum

175 2196 339 2223 amnem
371 2181 555 2222 incolunt
588 2190 627 2223 et
659 2182 768 2222 circa
795 2181 1063 2235 Strymonem
1088 2204 1160 2227 —,
1193 2186 1233 2218 et
1258 2177 1409 2218 multas
1440 2176 1527 2218 fru-

175 2259 276 2299 gum
295 2243 568 2298 proprietates
584 2254 623 2284 et
646 2244 811 2284 metalla
826 2251 866 2284 et
879 2241 1233 2296 opportunitatem
1245 2239 1526 2293 Amphipolis,

175 2320 283 2359 quae
315 2305 478 2345 obiecta
510 2306 665 2346 claudit
697 2319 839 2346 omnes
871 2304 924 2345 ab
955 2304 1111 2344 oriente
1143 2302 1228 2343 sole
1258 2301 1300 2341 in
1329 2300 1528 2340 Macedo—

175 2367 288 2408 niam
314 2367 462 2406 aditus.
513 2367 695 2408 secunda
719 2382 815 2422 pars
842 2365 1129 2407 celeberrimas
1155 2363 1279 2404 urbes
1304 2361 1527 2403 Thessalo-

176 2429 298 2469 nicen
325 2426 402 2482 [et]
431 2426 738 2470 Cassandream
762 2428 900 2477 habet,
927 2427 980 2468 ad
1003 2427 1082 2468 hoc
1106 2425 1324 2473 Pallenen,
1349 2423 1526 2464 fertilem

177 2504 226 2530 ac
256 2489 502 2544 frugiferam
534 2498 685 2532 terram
694 2507 705 2540 3
742 2489 968 2532 maritimas
999 2502 1165 2542 quoque
1197 2485 1528 2541 opportunitates

178 2556 217 2597 ei
236 2555 435 2610 praebent
455 2562 598 2609 portus
620 2553 673 2594 ad
693 2553 888 2593 Toronen
909 2566 956 2593 ae
976 2558 1159 2591 montem
1176 2548 1321 2590 Athon
1333 2556 1374 2589 et
1387 2548 1529 2588 Acan-

178 2616 310 2666 thum,
337 2617 391 2658 ad
404 2617 597 2670 Aegeum
617 2630 731 2656 mare
753 2614 822 2655 alii
846 2613 1109 2666 insulamque
1124 2611 1358 2659 Euboeam,
1384 2609 1452 2650 alii
1475 2608 1526 2648 ad

1235 2676 1300 2710 12*

1546 771 1583 798 14)

1545 894 1581 921 11

1549 1262 1588 1290 13

1552 1448 1589 1475 14
