1804 2926
472 174 623 209 LIBER
647 174 834 217 XXXXl,
866 175 914 207 14.
936 175 986 207 15.
1016 174 1117 217 [ac.
1135 175 1208 208 1ῑῖ.
1227 176 1304 218 1713]
1515 169 1566 209 13

217 281 419 323 coloniam
449 279 582 332 ipsam
615 286 824 331 ceperunt.
885 277 928 317 id
959 277 1030 318 ubi
1061 278 1241 318 Romam
1273 280 1457 320 adlatum
1490 289 1562 329 est,

217 350 383 384 senatus
421 339 471 381 C.
511 336 738 380 Claudium
775 339 989 380 consulem
1026 341 1193 381 comitia
1227 342 1361 396 primo
1399 357 1565 396 quoque

214 415 400 459 tempore
425 402 578 443 habere
603 401 720 441 iussit
747 401 979 455 creatisque
1004 402 1047 442 111
1073 418 1228 443 annum
1252 405 1564 459 magistratibus

213 467 256 507 in
280 465 536 521 provinciam
560 464 694 505 redire
720 471 761 504 et
780 464 984 504 coloniam
1011 480 1062 505 cx
1086 465 1274 507 hostibus
1301 468 1471 521 eripere.
1508 469 1565 508 ita

214 529 274 569 uti
300 527 462 569 censuit
486 534 673 575 senatus,
707 526 874 567 comitia
899 527 1053 567 habita.
1116 529 1306 569 consules
1333 530 1459 570 creati
1485 528 1564 571 Cn.

215 590 436 632 Cornelius
463 588 604 643 Scipio
631 589 862 643 Hispallus,
890 588 943 641 Q.
970 589 1161 630 Petillius
1189 589 1408 645 Spurinus.
1446 607 1566 646 prac-

213 665 322 694 tores
353 653 450 692 inde
482 651 583 692 facti
606 651 670 691 Μ.
696 651 901 705 Popillius
928 652 1115 701 Laenas,
1146 652 1197 692 P.
1224 651 1414 694 Licinius
1441 654 1566 695 Cras-

215 730 298 764 sus,
323 715 386 754 M.
405 713 626 755 Cornelius
643 712 797 767 Scipio,
824 713 875 754 L.
895 713 1090 768 Papirius
1111 715 1250 765 Blaso,
1276 716 1339 756 M.
1359 717 1563 765 Aburius,

213 777 266 817 L.
282 776 495 830 Aquillius
510 775 673 817 Gallus.
713 774 762 816 C.
780 773 958 816 Claudio
973 777 1130 817 consuli
1146 787 1416 833 prorogatum
1435 779 1477 819 in
1493 795 1564 819 an—

213 854 313 880 num
327 838 549 892 imperium
570 846 608 879 et
626 836 766 878 Gallia
788 838 1020 892 provincia3
1041 846 1080 880 et
1099 854 1151 880 110
1166 840 1300 880 Histri
1321 841 1432 882 idem
1452 842 1564 895 quod

213 909 253 943 et
284 901 467 956 Ligures
499 901 705 949 facerent,
743 900 876 941 socios
908 901 1085 942 nominis
1117 901 1260 942 Latini
1288 903 1331 943 in
1361 903 1565 944 Histriam

213 963 409 1011 mitteret,
442 977 546 1015 quos
573 962 771 1016 triumphi
797 977 923 1003 causa
949 963 1000 1004 de
1031 964 1245 1018 provincia
1269 965 1521 1006 deduxisset.

299 1024 377 1066 Cn.
411 1024 606 1066 Cornelio
638 1035 675 1065 et
703 1024 757 1077 Q.
783 1025 949 1066 Petillio
982 1027 1241 1075 consulibus,
1273 1042 1355 1081 quo
1381 1029 1447 1070 die
1477 1043 1565 1069 ma-
1592 1045 1606 1051 ”

212 1088 433 1143 gistratum
475 1087 675 1135 inierunt,
719 1087 1029 1128 immolantibus
1064 1089 1158 1129 Iovi
1200 1090 1373 1144 singulis
1410 1091 1563 1137 bubus,

212 1151 273 1191 uti
305 1150 428 1198 solet,
468 1149 511 1189 111
543 1164 592 1190 ea
616 1150 769 1197 hostia,
807 1164 889 1203 qua
916 1150 968 1202 Q.
994 1150 1186 1192 Petillius
1218 1153 1485 1201 sacrificavit,
1522 1153 1564 1193 in

211 1212 391 1253 iocinere
417 1219 540 1266 caput
567 1227 651 1252 non
675 1212 904 1253 inventum.
952 1213 996 1253 id
1021 1228 1113 1254 011111
1141 1214 1194 1254 ad
1220 1223 1411 1255 senatum
1435 1223 1564 1256 rettu—

210 1275 337 1322 lisset,
368 1274 475 1315 bove
505 1274 698 1327 perlitare
729 1274 878 1314 iussus.
948 1275 998 1315 de
1030 1276 1252 1329 provinciis
1286 1277 1435 1318 deinde
1466 1292 1564 1318 con-

211 1337 343 1378 sultus
387 1344 555 1377 senatus
590 1335 713 1376 Pisas
751 1344 788 1377 et
827 1336 1008 1390 Ligures
1051 1338 1287 1391 provincias
1325 1339 1564 1379 consulibus

211 1398 411 1446 decrevit3
444 1398 511 1438 cui
536 1397 662 1438 Pisae
694 1398 910 1452 provincia
935 1399 1191 1448 obvenisset,
1223 1415 1319 1440 eum
1343 1401 1563 1455 magistra-

210 1470 329 1502 tuum
354 1460 628 1501 creandoru'm
652 1467 816 1514 tempus
843 1467 964 1509 esset,
991 1461 1044 1501 ad
1069 1462 1235 1502 comitia
1254 1463 1406 1503 reverti
1431 1463 1562 1503 iussit.

210 1523 397 1564 additum
428 1523 612 1569 decreto,
650 1531 696 1563 ut
732 1522 851 1563 binas
887 1522 1072 1577 legiones
1102 1538 1234 1564 novas
1266 1525 1491 1566 scriberent
1523 1533 1561 1565 et

211 1593 397 1627 trecenos
434 1585 612 1639 equiteS,
650 1592 691 1626 et
727 1585 834 1627 dena
864 1585 978 1626 milia
1011 1586 1200 1639 peditum
1231 1587 1351 1627 sociis
1387 1587 1564 1627 nomini-

209 1662 290 1701 que
315 1647 470 1688 Latino
497 1655 536 1688 et
562 1662 754 1688 sescenos
779 1648 1031 1702 imperarent
1058 1648 1231 1701 equites.
1291 1649 1356 1689 Ti.
1384 1648 1564 1690 Claudio

209 1718 479 1764 prorogatum
504 1718 567 1751 est
596 1710 818 1764 imperium
842 1711 885 1751 in
909 1710 951 1751 id
983 1718 1168 1765 tempus,
1206 1726 1289 1765 quo
1320 1712 1363 1752 in
1396 1713 1564 1767 provin-

210 1772 317 1814 ciam
342 1772 486 1813 consul
510 1772 704 1813 venisset.

294 1834 396 1877 XV.
432 1834 550 1875 Dum
576 1835 626 1876 de
658 1835 707 1875 iis
732 1835 857 1876 rebus
884 1834 966 1890 [in]
994 1844 1140 1877 senatu
1167 1837 1324 1891 agitur,
1352 1836 1430 1877 Cn.
1459 1836 1564 1877 Cor-

208 1897 342 1938 nelius
379 1906 576 1938 evocatus
614 1913 638 1938 a
673 1898 850 1946 viatore,
889 1913 984 1938 cum
1022 1900 1177 1953 templo
1209 1915 1401 1953 egressus
1440 1907 1561 1947 essct,

209 1959 334 2013 paulo
358 1967 453 2012 post
477 1959 599 1999 rediit
624 1960 798 2000 confuso
824 1960 942 2000 vultu
967 1968 1008 2001 et>
1033 1962 1224 2015 exposuit
1249 1963 1438 2016 patribus
1465 1977 1562 2002 con-

211 2021 388 2075 scriptis,
413 2020 532 2061 bovis
559 2021 809 2062 sescennalis
829 2035 955 2074 quem
979 2023 1263 2064 immolavisset
1288 2023 1404 2064 iecur
1423 2024 1562 2063 difflu-

210 2083 332 2124 xisse.
369 2083 412 2124 id
437 2098 480 2124 se
505 2083 735 2124 victimario
760 2084 968 2125 nuntianti
992 2100 1141 2139 parum
1162 2086 1398 2126 credentem
1424 2087 1561 2140 ipsum

211 2160 363 2199 aquam
390 2145 547 2186 effundi
579 2161 631 2187 ex
656 2146 756 2193 olla,
782 2146 854 2186 ubi
880 2154 975 2187 exta
1001 2156 1295 2200 coquerentur,
1327 2149 1496 2190 iussisse
1523 2157 1561 2190 et

210 2208 362 2249 vidisse
396 2215 577 2249 ceteram
613 2209 820 2263 integram
856 2216 1017 2263 partem
1049 2218 1259 2259 extorum,
1295 2211 1410 2251 iecur
1441 2225 1562 2252 omne

1591 547 1610 575 4

1591 610 1608 637 Γ)

1594 1056 1601 1072 d

1590 1297 1608 1322 ὅ

1590 1418 1606 1446 Ξ)

1594 1541 1630 1568 lo

1593 1666 1626 1694 11

1593 1853 1602 1879 1

1589 2099 1605 2127 Νι

210 2271 476 2311 inenarrabili
506 2271 601 2311 tabe
628 2271 910 2325 absumptum.
971 2272 1121 2312 territis
1148 2287 1196 2313 eo
1221 2273 1411 2327 prodigio
1437 2273 1563 2327 patri-
1589 2286 1606 2313 :3

210 2332 310 2381 bus,
347 2340 386 2373 et
417 2333 521 2373 alter
545 2333 689 2373 consul
721 2347 863 2373 curam
888 2333 1058 2382 adiecit,
1096 2335 1167 2388 qui
1198 2350 1262 2384 se,
1301 2335 1415 2388 quod
1439 2343 1562 2390 caput

209 2394 379 2435 iocineri
405 2394 623 2443 defuisset,
650 2395 781 2435 tribus
806 2395 944 2436 bubus
970 2396 1185 2450 perlitasse
1210 2397 1392 2451 negavit.
1443 2412 1561 2438 sena-

210 2466 276 2497 tus
302 2456 526 2496 maioribus
552 2456 681 2497 hostis
704 2471 836 2510 usque
856 2458 908 2498 ad
932 2458 1161 2499 litationem
1182 2459 1404 2500 sacrificari
1428 2460 1560 2500 iussit.

211 2518 356 2559 ceteris
383 2518 459 2558 diis
491 2519 730 2572 perlitatum
755 2518 914 2568 ferunt,
943 2519 1079 2561 Saluti
1103 2521 1320 2562 Petillium
1344 2522 1561 2576 perlitasse

209 2588 377 2634 negant.
410 2580 507 2621 inde
529 2581 719 2622 consules
738 2589 1033 2636 praetoresque
1053 2583 1288 2637 provincias
1309 2585 1453 2625 sortiti.
1490 2584 1562 2624 Pi-

210 2657 279 2683 sae
307 2641 384 2684 Cn.
408 2640 616 2693 Cornelio,
643 2643 823 2698 Ligures
845 2644 1011 2686 Petillio
1039 2646 1310 2687 obvenerunt.
1349 2654 1559 2701 praetores

1585 2659 1604 2687 5
