1804 2926
229 174 312 213 232
641 180 684 214 Τ.
711 179 819 216 LIVI
844 178 1176 213 FRAGMENTA.

227 255 400 316 imposuit
413 274 523 316 atque
542 270 664 304 idibus
684 269 825 304 Martiis
840 269 977 305 Caesar
996 268 1031 302 in
1047 268 1225 313 Pompeia
1244 267 1347 302 curia
1358 268 1500 302 occisus
1519 273 1586 304 est.

231 319 382 351 Cassiod.
398 319 419 350 l.
434 318 456 350 l.
471 328 503 350 α.
519 329 551 350 u.
567 317 663 358 HQ]

737 363 809 387 Lm.
824 369 849 389 a.
865 370 891 387 u.
907 370 931 388 c.
947 362 1074 387 cxvm.

294 407 354 449 47)
380 406 506 440 Livius
521 406 557 440 in
573 416 714 441 cxvm:
742 406 934 440 ‘adversus
954 406 1209 441 interfectores
1224 404 1295 439 Gai
1310 403 1479 439 Caesaris
1493 403 1587 439 ulto-

226 453 330 486 ribus
348 463 495 486 manum
515 463 721 496 conparans
741 451 941 486 concibat'.
989 453 1161 486 Priscian.
1179 453 1253 484 inst.
1267 462 1414 495 qrammi.
1430 451 1485 485 lib.
1500 460 1588 485 V1111

227 500 257 542 ξ.
272 498 359 542 40]).
374 498 442 532 865
454 499 496 532 P.
863 509 865 511 '

746 543 760 558 ⁸
773 544 847 569 LIB.
862 550 887 568 a.
903 551 930 568 u.
947 551 971 568 c.
987 542 1072 568 CXX.

293 588 353 633 48)
379 587 424 622 T.
433 587 527 621 Livi.
542 588 707 622 ‘Marcus
715 587 843 622 Cicero
853 587 920 621 sub
930 587 1127 622 adventum
1135 587 1404 621 triumvirorum
1412 585 1502 621 urbe
1511 597 1586 621 ces-

226 637 336 676 serat,
368 643 422 667 iro
436 637 536 667 certo
554 633 708 676 habens,
731 633 769 666 id
783 634 881 677 quod
894 636 991 676 erat,
1010 643 1084 667 non
1097 632 1216 684 magis
1228 632 1392 666 Antonio
1406 632 1497 675 eripi
1511 634 1585 675 [sc]

225 645 670 723 quamCaesariCassium
684 678 880 712 etBrutum
893 689 1011 722 posse.
1043 678 1159 722 primo
1169 690 1205 711 in
1215 677 1463 712 Tusculanum
1479 676 1587 722 fugit,

226 724 311 758 inde
325 724 541 758 transversis
553 723 746 758 itineribus
766 723 803 757 in
816 723 1062 766 Formianum,
1090 728 1131 756 ut
1151 723 1197 757 ab
1212 722 1341 757 Caieta
1353 734 1484 757 navem
1503 733 1587 756 con-

226 780 438 812 scensurus,
464 768 719 814 proficiscitur.
769 768 867 803 unde
888 768 1082 812 aliquoties
1102 768 1138 801 in
1153 768 1266 802 altum
1279 771 1492 811 provectum
1506 779 1588 801 cum

227 814 333 847 modo
347 815 447 848 venti
461 814 605 849 adversi
618 813 842 857 retulissent,
869 814 977 847 modo
991 813 1068 857 ipse
1082 813 1320 847 iactationem
1333 813 1449 855 navis,
1476 823 1588 847 caeco

225 859 394 893 volvente
413 859 539 903 fluctu,
564 859 645 904 pati
663 870 739 892 non
755 862 891 904 posset,
918 858 1081 892 taedium
1101 858 1251 892 tandem
1266 869 1348 892 eum
1362 863 1399 892 et
1418 857 1529 903 fugae
1551 861 1588 891 et

226 905 323 937 vitae
344 904 458 948 cepit,
485 915 690 949 regressusc
703 915 748 938 ue
769 904 816 938 ad
842 904 1069 947 superiorem
1088 903 1224 946 villam,
1251 914 1346 946 quae
1369 903 1482 946 paulo
1506 902 1589 947 plus

226 948 324 982 mille
338 949 651 993 passibusamari
671 960 692 982 a
721 952 787 991 est,
816 948 982 982 ‘moriar'
1007 948 1127 991 inquit
1153 948 1206 981 ‘in
1231 947 1353 992 patria
1377 958 1489 990 saepe
1516 958 1588 981 ser-

226 994 334 1027 vata?
382 994 472 1027 satis
497 998 643 1028 constat
668 1004 790 1027 servos
814 993 960 1027 fortiter
982 991 1215 1036 fideliterque
1239 996 1389 1036 paratos
1408 991 1521 1026 fuisse
1542 992 1590 1026 ad

229 1039 486 1082 dimicandum,
501 1038 621 1083 ipsum
635 1038 771 1082 deponi
784 1038 955 1072 lecticam
969 1041 1005 1071 et
1019 1037 1161 1082 quietos
1174 1038 1253 1081 pati
1267 1037 1363 1081 quod
1377 1037 1451 1071 fors
1464 1036 1592 1081 iniqua

227 1088 377 1129 cogeret
389 1083 548 1118 iussisse.
596 1083 819 1128 prominenti
832 1094 876 1117 ex
894 1082 1028 1117 lectica
1041 1083 1310 1126 praebentique
1324 1082 1498 1116 inmotam
1514 1093 1590 1117 cer-

224 1130 342 1163 vicem
361 1132 474 1173 caput
491 1130 700 1174 praecisum
722 1132 788 1163 est.
837 1139 906 1163 nec
926 1127 1015 1162 satis
1035 1128 1191 1162 stolidae
1206 1127 1414 1162 crudelitati
1434 1128 1590 1161 militum

223 1174 304 1208 fuit.
354 1185 483 1208 manus
497 1185 654 1219 quoque,
683 1174 872 1218 scripsisse
891 1173 929 1207 in
941 1173 1144 1206 Antonium
1159 1173 1299 1217 aliquid
1313 1173 1590 1217 exprobrantes,

224 1219 495 1264 praeciderunt.
545 1220 598 1253 ita
616 1219 773 1254 relatum
792 1222 905 1264 caput
926 1218 972 1252 ad
985 1218 1189 1252 Antonium
1208 1218 1383 1262 iussuque
1399 1218 1476 1252 eius
1495 1218 1591 1252 inter

225 1265 317 1298 duas
331 1276 460 1298 manus
474 1265 511 1298 in
524 1265 651 1298 rostris
663 1264 834 1309 positum,
860 1263 923 1298 ubi
938 1263 999 1298 illc
1014 1264 1152 1307 consul,
1172 1263 1236 1297 ubi
1250 1275 1361 1308 saepe
1375 1263 1588 1307 consularis,

225 1309 288 1343 ubi
301 1321 344 1344 eo
358 1310 437 1354 ipso
453 1321 549 1344 anno
564 1310 738 1344 adversus
751 1309 955 1343 Antonium
969 1313 1108 1353 quanta
1126 1309 1231 1342 nulla
1244 1320 1418 1353 umquam
1430 1309 1592 1343 humana

225 1366 294 1389 vox
319 1366 401 1389 cum
426 1355 668 1390 admiratione
687 1355 922 1399 eloquentiae
941 1354 1088 1388 auditus
1112 1354 1244 1388 fuerat,
1299 1355 1357 1387 vix
1379 1353 1590 1388 attollentes

228 1403 352 1444 [prae]
378 1401 537 1434 lacrimis
563 1400 688 1435 oculos
712 1399 876 1434 homines
902 1399 1034 1433 intueri
1057 1399 1243 1433 trucidata
1267 1399 1433 1433 membra
1459 1398 1587 1442 [tanti]

227 1445 313 1480 civis
328 1446 526 1489 poterant’.
574 1448 707 1479 Seneca
720 1447 801 1479 rhet.
816 1457 907 1479 suas.
922 1445 996 1479 VII
1005 1457 1041 1489 p.
1057 1445 1112 1487 33,
1129 1445 1171 1478 12
1184 1446 1251 1478 Bu.

293 1491 353 1535 49)
379 1490 423 1524 T.
435 1491 529 1524 Livi.
552 1491 670 1525 ‘Vixit
683 1494 756 1524 tres
771 1494 807 1524 et
819 1489 1012 1534 sexaginta
1026 1501 1159 1532 annos,
1174 1493 1231 1532 ut,
1248 1489 1277 1523 si
1290 1489 1344 1522 vis
1357 1488 1522 1532 afuisset,
1542 1500 1590 1523 nc

225 1536 410 1570 inmatura
429 1536 576 1580 quidem
596 1546 692 1569 mors
705 1535 819 1568 videri
838 1535 968 1579 possit:
994 1534 1183 1579 ingenium
1196 1538 1233 1568 et
1246 1533 1416 1578 operibus
1431 1538 1467 1567 et
1484 1544 1589 1578 prac-

225 1581 307 1614 miis
328 1592 478 1624 operum
498 1580 604 1623 felix,
629 1580 706 1624 ipse
727 1580 896 1614 fortunae
916 1579 978 1612 diu
996 1590 1194 1623 prosperae
1220 1583 1257 1613 et
1275 1580 1312 1612 in
1332 1579 1443 1624 longo
1462 1582 1589 1613 tenore

224 1625 414 1659 felicitatis
427 1626 569 1670 magnis
584 1625 729 1660 interim
742 1625 834 1658 ictus
847 1624 1074 1667 vulneribus,
1091 1624 1197 1658 exilio
1207 1651 1215 1667 ,
1230 1625 1337 1658 ruina
1350 1624 1509 1668 partium
1523 1636 1589 1668 pro

227 1670 358 1714 quibus
374 1674 537 1713 steterat,
564 1670 663 1704 filiae
677 1674 804 1713 morte,
832 1670 930 1704 exitu
943 1673 1019 1703 tam
1031 1669 1127 1703 tristi
1141 1673 1250 1714 atque
1266 1670 1410 1712 acerbo,
1428 1669 1588 1702 omnium

226 1716 461 1749 adversorum
479 1716 568 1749 nihil
588 1719 628 1749 ut
647 1715 722 1749 viro
744 1715 896 1760 dignum
917 1718 997 1749 erat
1020 1715 1105 1748 tulit
1129 1718 1276 1759 praeter
1301 1718 1466 1757 mortem,
1495 1725 1589 1759 quae

224 1772 308 1795 vere
324 1761 533 1795 aestimanti
552 1761 670 1794 minus
684 1760 839 1805 indigna
851 1760 966 1794 videri
984 1760 1116 1804 potuit,
1143 1760 1240 1804 quod
1255 1771 1276 1793 a
1289 1759 1426 1793 victore
1441 1760 1588 1793 inimico

228 1806 314 1849 [nil]
335 1806 518 1840 crudelius
542 1817 672 1851 passus
704 1811 785 1839 erat
809 1816 919 1850 quam
944 1805 1042 1849 quod
1067 1804 1231 1839 eiusdem
1256 1804 1426 1839 fortunae
1453 1815 1588 1848 conpos

225 1851 312 1885 item
333 1851 492 1885 fecisset.
541 1852 571 1884 si
590 1851 670 1895 quis
689 1854 814 1884 tamen
832 1850 1028 1884 virtutibus
1049 1850 1137 1883 vitia
1156 1849 1333 1894 pensarit,
1359 1849 1414 1883 vir
1432 1860 1589 1894 magnus

226 1907 269 1930 ac
284 1896 530 1930 memorabilis
544 1896 614 1930 fuit
628 1896 716 1930 etin
730 1895 832 1929 cuius
846 1895 976 1929 laudes
996 1895 1249 1938 exsequendas
1264 1894 1441 1929 Cicerone
1462 1894 1589 1929 lauda-

226 1947 304 1975 tore
318 1953 408 1985 opus
422 1941 560 1976 fuerit'.
608 1943 741 1976 Seneca
755 1942 835 1974 rhet.
850 1942 871 1974 l.
888 1942 909 1973 l.
920 1952 956 1984 p.
971 1940 1026 1983 35,
1042 1940 1085 1974 15
1097 1942 1163 1974 Bu.

297 1988 346 2032 [vJ
373 1986 412 2021 C.
428 1987 552 2021 Pansa
564 1990 601 2020 et
614 1986 659 2020 A.
673 1986 828 2019 Hirtius.
876 1985 946 2019 His
965 1985 1177 2019 consulibus
1197 1984 1335 2020 Caesar
1354 1983 1588 2028 Octavianus,

227 2032 410 2065 Antonius
430 2036 467 2066 et
480 2031 644 2076 Lepidus
660 2030 844 2065 amicitiae
862 2030 993 2065 foedus
1013 2030 1183 2065 inierunt.
1232 2030 1281 2063 M.
1297 2030 1424 2064 Cicero
1439 2030 1590 2065 Caietae

226 2088 292 2121 per
310 2076 495 2122 Popilium
515 2077 670 2111 militem
689 2076 830 2110 occisus
851 2079 907 2110 est
927 2086 1104 2109 annorum
1118 2086 1227 2110 anl.
1265 2075 1404 2110 Caesar
1418 2074 1587 2110 Octavia-

226 2133 293 2156 nus
307 2122 427 2157 forum
438 2123 651 2168 Augustum
664 2120 889 2157 aedificavit.
940 2122 1093 2155 Cassiod.
1109 2123 1130 2155 Z.
1145 2123 1167 2155 l.
1183 2133 1214 2155 α.
1230 2133 1261 2154 u.
1281 2121 1376 2163 711.]

733 2174 808 2198 ΜΒ.
824 2180 850 2198 a.
864 2181 894 2198 u.
909 2181 933 2199 c.
948 2173 1088 2198 cxxvn.

294 2213 354 2258 50)
378 2212 619 2247 Dissensione
645 2214 726 2246 orta
749 2212 846 2246 inter
870 2211 1069 2246 Caesarem
1087 2211 1297 2256 Augustum
1315 2211 1591 2255 Antoniumque

227 2258 403 2293 Cocceius
416 2258 549 2301 Nerva,
566 2269 655 2292 avus
675 2257 764 2300 eius,
780 2257 841 2301 qui
854 2260 985 2301 postea
998 2256 1209 2301 imperavit,
1224 2256 1317 2300 petit
1330 2267 1353 2290 a
1366 2255 1536 2300 Caesare,
1551 2259 1592 2290 ut

228 2304 400 2348 aliquem,
421 2315 504 2337 eum
518 2314 589 2347 quo
603 2303 648 2337 de
663 2313 804 2336 summa
817 2313 939 2336 rerum
952 2305 1142 2345 tractaret,
1161 2301 1323 2335 mitteret
1336 2301 1589 2336 Tarracinam.

228 2353 265 2383 et
283 2349 441 2392 primum
460 2348 670 2391 Maecenas,
697 2357 779 2381 mox
799 2350 837 2381 et
855 2346 1026 2392 Agrippa
1046 2347 1211 2392 adgressi
1231 2350 1331 2390 sunt,
1358 2346 1469 2391 hique
1488 2347 1590 2391 pepi-

228 2398 362 2438 gerunt
389 2393 501 2428 fidem
526 2392 881 2428 confirmatissimam
908 2396 944 2426 et
975 2392 1012 2426 in
1037 2403 1113 2426 una
1144 2395 1267 2426 castra
1297 2391 1455 2426 conferri
1486 2392 1592 2437 signa

228 2439 416 2483 utriusque
437 2438 619 2473 exercitus
638 2438 833 2472 iusserunt.
865 2437 934 2471 hoc
955 2440 992 2471 et
1012 2437 1119 2471 Titus
1132 2437 1260 2471 Livius
1278 2437 1317 2470 in
1337 2437 1432 2471 libro
1454 2447 1590 2471 cxxvn

230 2484 342 2563 1·ef)e7rt
360 2487 516 2529 excepta
533 2483 665 2518 Fontei
679 2481 868 2528 Capitonis
887 2481 1084 2517 mentione.
1132 2483 1260 2527 Porph.
1281 2484 1328 2517 ad
1344 2483 1471 2517 Horat.
1492 2488 1556 2517 sat.
1572 2482 1592 2516 1

232 2532 297 2572 ι’),ζ
335 2540 352 2562 8
377 2544 407 2563 1.

298 2541 481 2614 ngiiiam
515 2573 611 2608 inter
639 2573 851 2619 Augustum
877 2577 913 2608 et
936 2573 1139 2607 Antonium
1175 2573 1354 2618 reliquiae
1383 2577 1489 2608 erant
1519 2572 1589 2606 dis-

230 2619 424 2661 sensionis,
451 2618 627 2654 Cocceius
648 2618 782 2662 Nerva,
807 2629 965 2662 proavus
986 2619 1141 2661 Nervae,
1169 2619 1231 2663 qui
1248 2622 1379 2663 postea
1398 2617 1591 2662 imperavit

232 2663 381 2706 Romae,
406 2663 594 2698 mandavit
612 2663 794 2709 Augusto,
822 2667 862 2697 ut
882 2663 1043 2698 mitteret
1062 2663 1124 2708 qui
1150 2664 1194 2698 de
1214 2675 1355 2698 summa
1378 2674 1498 2698 rerum
1516 2665 1588 2696 tra-
