1804 2926
176 957 216 986 lo

177 1139 213 1168 11

180 1513 218 1541 13

183 1699 221 1728 14

184 1824 221 1852 15

208 2072 221 2100 1

207 2199 225 2229 2

209 2322 224 2333 n

208 2336 226 2351 v.)

241 146 321 187 136
489 153 641 187 LIBER
666 152 912 197 XXXXIIII,
939 153 992 186 531.
1014 152 1068 186 532.
1097 154 1144 195 [a.
1161 163 1194 185 u.
1210 164 1240 186 0.
1255 153 1336 196 586]

239 273 373 313 spere,
400 258 610 298 fortunam
638 257 763 298 totius
789 257 846 298 rei
873 256 1073 312 principia
1102 265 1338 297 secuturam
1364 271 1453 297 esse
1479 264 1593 297 ratus

239 328 278 361 01
305 320 568 375 repentinum
595 319 821 360 valiturum
847 327 1065 367 terrorem,
1102 319 1304 359 instructo
1330 318 1515 359 exercitu
1541 319 1594 359 ad

239 383 404 423 moenia
429 381 626 423 succedit.
665 382 779 434 quod
804 382 836 422 si
863 382 1014 422 clausis
1040 381 1170 436 portis
1196 396 1335 421 muros
1362 388 1596 435 portarum-

239 460 320 497 que
342 444 466 485 turris
488 443 676 498 dispositi
696 443 843 484 armati
865 444 1161 491 defendissent,
1188 458 1295 483 vano
1316 458 1410 483 eum
1431 443 1596 497 incepto

239 506 458 547 moenibus
485 506 741 561 pepulissent
757 506 989 555 Roman0s3
1016 521 1127 547 nunc
1152 514 1271 560 porta
1297 505 1452 560 egressi
1477 519 1598 559 proe-

239 569 341 609 lium
366 569 457 609 loco
483 582 617 621 aequo
644 569 799 609 maiore
835 569 972 609 animo
998 569 1295 609 commiserunt
1320 582 1447 621 quam
1474 568 1598 608 susti-

239 638 434 671 nuerunt.
494 631 605 685 pulsi
643 631 751 671 enim
785 640 823 671 et
861 630 965 685 fuga
997 631 1256 685 conglobati,
1295 645 1391 671 cum
1430 629 1597 671 ducenti

240 694 419 748 amplius
443 694 487 734 in
511 694 612 748 ipsis
644 693 837 734 faucibus
867 701 1011 748 portae
1044 693 1308 742 cecidissent,
1347 701 1510 733 tantum
1536 692 1598 732 in-

240 756 423 796 tulerunt
461 766 680 802 terrorem,
725 764 769 796 ut
808 764 991 796 oratores
1028 756 1237 810 extemplo
1275 756 1328 795 ad
1364 763 1599 809 praetorem

240 817 420 858 mitteret
454 816 635 858 Gentius
661 818 885 858 Teuticum
911 826 948 858 et
982 817 1168 864 Bellum,
1206 817 1416 871 principes
1447 816 1598 870 gentiS‚

240 893 315 933 per
345 893 450 931 quos
482 879 666 920 indutias
697 887 876 933 peteret,
914 887 957 919 ut
985 879 1216 919 deliberare
1242 878 1293 918 110
1325 886 1434 918 statu
1459 893 1598 918 rerum

242 955 412 980 suarum
438 949 593 994 posset.
654 941 792 981 triduo
823 941 865 980 in
890 940 970 980 hoc
1002 940 1099 980 dato
1126 955 1221 980 cum
1248 947 1383 980 castra
1408 939 1601 980 Romana

240 1003 492 1057 quingentos
525 1003 657 1044 ferme
689 1018 838 1057 passus
864 1003 917 1043 ab
948 1002 1052 1043 urbe
1078 1003 1293 1051 abessent,
1324 1017 1476 1043 navem
1503 1017 1601 1043 con-

243 1065 416 1113 scendit,
442 1072 481 1105 et
502 1065 673 1105 flumine
686 1065 914 1105 Barbanna
933 1065 1102 1120 navigat
1128 1064 1171 1105 in
1194 1065 1333 1105 laeum
1348 1064 1600 1112 Labeatum,

242 1127 355 1167 velut
387 1135 595 1167 secretum
631 1128 771 1168 locum
808 1134 953 1181 petens
986 1128 1039 1167 ad
1072 1127 1413 1176 consultandum,
1451 1127 1526 1168 sed
1555 1134 1602 1167 ut

243 1188 456 1242 apparuit,
489 1188 596 1229 falsa
627 1204 700 1243 spe
733 1189 894 1230 excitus
922 1188 1224 1230 Caravantium
1256 1190 1427 1230 fratrem
1458 1189 1600 1229 multis

242 1251 409 1291 milibus
430 1258 684 1292 armatorum
706 1252 808 1293 actis
829 1267 878 1293 ea
902 1252 1087 1306 regione,
1113 1252 1156 1292 in
1176 1266 1302 1305 quam
1321 1251 1473 1292 missus
1499 1258 1600 1300 erat,

199 1327 206 1338 ¹
243 1313 481 1354 adventare.
543 1314 615 1367 qui
641 1322 865 1369 postquam
890 1314 1058 1356 evanuit
1084 1329 1244 1363 rumor,
1270 1314 1391 1355 tertio
1416 1320 1511 1368 post
1535 1313 1602 1353 die

244 1390 396 1415 navem
421 1375 597 1417 eandem
624 1376 808 1416 secundo
835 1377 946 1417 amni
968 1375 1172 1418 Scodram
1198 1375 1376 1423 demisit,
1402 1375 1603 1430 praemis-

245 1436 385 1489 sisque
404 1437 573 1484 nuntiis,
600 1445 646 1478 ut
666 1438 743 1478 sibi
770 1439 1007 1492 appellandi
1034 1438 1235 1493 praetoris
1260 1446 1444 1492 potestas
1469 1437 1600 1484 ficret,

245 1499 366 1552 copia
397 1498 509 1539 saeta
539 1499 582 1539 in
613 1508 749 1540 castra
779 1500 904 1540 venit.
966 1509 1004 1541 et
1037 1500 1286 1554 principium
1319 1498 1514 1539 orationis
1548 1498 1602 1538 ab

246 1561 511 1601 accusatione
542 1561 740 1602 stultitiae
767 1577 885 1602 orsus
911 1576 1032 1610 suae,
1058 1570 1268 1616 postremo
1294 1561 1346 1601 ad
1371 1575 1515 1615 preces
1541 1560 1601 1600 la-

246 1622 480 1675 crimasque
506 1623 679 1672 effusus,
704 1624 882 1678 genibus
907 1623 1108 1677 praetoris
1135 1623 1327 1664 accidens
1352 1623 1394 1663 in
1419 1630 1603 1677 potesta·

246 1691 330 1724 tem
357 1699 445 1725 sese
471 1685 596 1727 dedit.
634 1686 767 1739 primo
793 1686 950 1726 bonum
976 1685 1161 1726 animum
1186 1685 1340 1726 habere
1365 1686 1523 1733 iussus,
1550 1684 1604 1725 ad

248 1761 394 1787 cenam
420 1747 543 1787 etiam
576 1748 775 1788 invitatus
808 1749 851 1788 in
875 1748 1024 1789 urbem
1050 1748 1103 1788 ad
1128 1762 1223 1788 suos
1249 1748 1383 1788 rediit.
1444 1754 1484 1788 et
1509 1761 1605 1787 eum

247 1817 437 1862 praetore
464 1824 512 1849 eo
538 1809 604 1850 die
636 1810 861 1850 honorifice
887 1818 947 1851 est
981 1810 1193 1864 epulatus,
1220 1809 1369 1850 deinde
1400 1809 1443 1849 in
1467 1816 1606 1849 custo-

248 1871 359 1911 diam
387 1870 436 1911 C.
465 1870 614 1912 Cassio
641 1873 808 1912 tribuno
833 1873 1011 1912 militum
1036 1872 1232 1920 traditus,
1264 1871 1334 1912 vix
1359 1870 1605 1923 gladiatorio

247 1942 419 1987 accepto
446 1933 591 1974 decem
622 1934 788 1974 talentis
815 1934 868 1974 ab
894 1949 993 1988 rege
1019 1949 1112 1983 rex,
1138 1941 1183 1974 ut
1208 1933 1251 1974 in
1276 1949 1367 1974 eam
1391 1933 1606 1974 fortunam

248 1995 488 2036 reccideret.
1165 2032 1168 2034 ,

332 2057 539 2099 XXXII.
576 2058 754 2099 Anicius
788 2058 949 2101 Scodra
984 2066 1153 2114 recepta
1190 2058 1291 2099 nihil
1328 2057 1443 2113 prius
1481 2071 1607 2110 quam

249 2120 471 2173 requisitos
506 2120 724 2162 Petillium
760 2121 1106 2176 Perpernamque
1143 2121 1303 2175 legatos
1341 2120 1394 2160 ad
1432 2134 1474 2160 se
1512 2118 1609 2159 duci

252 2182 382 2222 iussit.
426 2182 578 2235 quibus
605 2183 823 2237 splendore
850 2198 926 2223 suo
951 2184 1142 2224 restituto
1166 2183 1426 2236 Perpernam
1452 2188 1610 2222 extem-

251 2245 319 2299 plo
345 2244 469 2285 mittit
490 2244 543 2285 ad
570 2245 970 2300 conprehendendos
993 2246 1148 2286 amicos
1169 2252 1454 2299 cognatosque
1478 2243 1589 2298 regis
1598 2259 1608 2291 ;

252 2307 325 2359 qui
343 2307 602 2357 Meteonem,
631 2309 886 2349 Labeatium
912 2309 1047 2364 gentis
1073 2309 1234 2356 urbem,
1260 2307 1473 2362 profectus
1494 2306 1610 2347 Etle-

253 2383 349 2408 vam
374 2384 549 2409 uxorem
575 2385 670 2411 cum
696 2372 789 2411 filiis
816 2372 994 2420 duobus,
1022 2370 1290 2412 Scerdilaedo
1310 2370 1610 2422 Pleuratoque,

210 2446 230 2473 4
255 2438 293 2471 01
310 2429 609 2471 Caravantium
634 2433 804 2473 fratrem
821 2432 1025 2474 Scodram
1049 2433 1092 2473 in
1118 2440 1253 2473 castra
1279 2431 1464 2472 adduxit.
1502 2430 1609 2470 Ani-

256 2492 343 2531 cius
381 2491 489 2532 bello
521 2493 688 2546 Illyrico
719 2495 827 2535 intra
865 2495 1035 2549 triginta
1072 2495 1159 2536 dies
1196 2493 1380 2548 perfecto
1418 2491 1610 2533 nuntium

256 2554 453 2594 victoriae
483 2554 740 2608 Perpernam
774 2557 952 2597 Romam
977 2557 1108 2605 misit,
1146 2564 1185 2597 et
1216 2564 1309 2610 post
1335 2555 1421 2596 dies
1453 2567 1608 2608 paucos

258 2614 461 2656 Gentium
498 2632 639 2671 regem
673 2618 807 2671 ipsum
842 2634 936 2658 011111
974 2626 1145 2671 parente
1179 2618 1355 2671 coniuge
1387 2630 1434 2656 ac
1469 2614 1607 2655 liberis
