1804 2926
212 2020 229 2047 [ὁ

216 2514 234 2542 4

216 2640 234 2668 ἴ)

250 147 304 188 :28
387 156 539 190 LIBER
563 156 820 200 xxxxi‚2s.
850 155 1055 200 xxxxn,
1079 157 1109 189 1.
1138 157 1187 199 [a.
1202 167 1235 189 u,
1252 168 1281 190 ο.
1295 157 1371 191 580.
1388 158 1470 200 581]

250 260 353 301 nieis
379 260 659 313 quadriduum
686 259 813 300 dedit.
858 260 1001 313 magni
1027 268 1166 300 tamen
1195 259 1325 314 [tum]
1352 260 1534 301 muueris
1560 275 1609 301 ea

250 339 414 363 summa
439 323 536 370 fuit,
568 330 614 362 ut
644 338 718 377 per
743 323 925 363 triduum
952 330 1148 375 quattuor
1174 331 1211 363 ct
1246 323 1512 377 septuaginta
1537 322 1609 363 bo-

252 386 383 427 mines
408 384 647 439 pugnarint.

593 610 867 655 [PERIOCHA
893 611 1031 645 LIBRI
1056 611 1274 653 XXXXII]

320 702 381 744 [Q.
401 701 552 735 Fulvius
576 701 735 735 Flaccus
756 713 884 736 censor
904 703 1078 746 templum
1104 703 1254 736 lunonis
1274 702 1451 736 Laciniae
1477 701 1612 745 tegulis

251 754 462 788 marmoreis
477 754 658 797 spoliavit,
684 757 725 786 ut
739 754 867 787 aedem
883 765 991 798 quam
1006 754 1245 787 dedicaverat
1259 758 1413 799 tegeret.
1462 752 1612 797 tegulae

252 817 295 839 ex
314 809 463 839 senatus
484 805 650 838 consulto
670 808 892 848 reportatae.
941 805 1123 838 Eumenes
1143 805 1255 838 Asiae
1277 817 1339 839 rex
1358 805 1395 838 in
1417 808 1547 837 senatu
1567 803 1612 837 de

250 856 387 889 Perseo
406 855 648 889 Macedoniae
674 867 761 900 rege
788 858 938 899 questus
966 859 1037 898 est,
1066 856 1168 888 (xiiius
1194 855 1348 889 iniuriae
1373 855 1411 888 in
1436 854 1612 899 populum

251 906 456 939 Romanum
470 906 690 939 referuntur.
740 905 786 938 ob
802 917 892 949 quas
907 905 1005 939 bello
1023 905 1056 938 ei
1071 905 1209 938 indicto
1223 906 1265 938 l‘.
1280 905 1444 938 Lieinius
1459 905 1612 939 Crassus

252 956 396 999 consul,
429 956 487 989 cui
510 956 725 989 mandatum
751 960 848 999 erat,
880 956 919 988 in
944 955 1203 989 Macedoniam
1227 956 1375 989 transiit
1399 955 1613 999 levibusque

253 1006 559 1051 expeditionibus,
588 1006 819 1050 equestribus
832 1006 992 1050 proeliiS,
1021 1006 1057 1039 in
1073 1006 1270 1040 Thessalia
1285 1018 1366 1040 cum
1379 1006 1516 1040 Perseo
1533 1007 1612 1050 [pa-

252 1069 331 1090 rum
344 1057 462 1099 felici]
484 1060 617 1092 eventu
636 1057 827 1101 pugnavit.
876 1057 971 1091 inter
985 1056 1219 1090 Masinissam
1239 1061 1275 1091 et
1289 1057 1613 1102 Carthaginienses

253 1109 298 1143 de
315 1119 403 1153 agro
418 1109 488 1142 fuit
503 1108 592 1152 [lis]
633 1108 711 1142 dies
731 1108 783 1142 eis
798 1108 844 1142 ad
861 1108 1141 1152 disceptandum
1156 1120 1177 1142 a
1190 1112 1321 1143 senatu
1342 1109 1461 1142 (latus.
1500 1108 1614 1153 legati

252 1160 351 1193 missi
367 1160 413 1193 ad
428 1159 545 1193 socias
561 1159 727 1193 civitates
741 1170 922 1204 regesque
936 1159 1133 1204 rogandos,
1153 1164 1194 1193 ut
1207 1160 1243 1193 in
1257 1159 1329 1193 fide
1343 1162 1613 1204 permanerent,

253 1210 507 1244 dubitantibus
525 1209 680 1243 Rhodis.
730 1210 883 1243 lustrum
910 1222 932 1244 a
957 1210 1171 1244 censoribus
1198 1210 1385 1244 conditum
1405 1213 1478 1254 estz,
1503 1220 1615 1243 censa

252 1265 338 1295 sunt
351 1262 481 1295 civium
496 1262 619 1305 capita
634 1261 793 1295 ducenta
806 1261 1001 1306 sexaginta
1015 1266 1156 1306 septem
1170 1262 1272 1295 milia
1286 1262 1446 1295 ducenta
1459 1260 1614 1305 triginta

253 1324 376 1346 unum.
424 1324 482 1347 res
502 1316 696 1357 praeterea
717 1312 890 1347 adversus
911 1313 1042 1347 Corsos
1063 1317 1100 1348 et
1119 1313 1277 1357 Ligures
1294 1323 1468 1357 prospere
1488 1315 1612 1356 gestas

253 1364 447 1405 eontinet.]

721 1553 907 1605 TITI
944 1553 1141 1605 LIVI

628 1646 707 1683 AB
744 1646 907 1684 vium
946 1645 1237 1684 CONDITA

748 1777 901 1811 LIBER
926 1777 1127 1810 XXXXll.

345 1883 374 1922 1.
413 1882 464 1922 L.
491 1882 736 1922 Postumius
761 1881 965 1929 Albinus,
997 1881 1060 1920 M.
1086 1880 1293 1935 Popillius
1319 1880 1488 1921 Laenas
1519 1895 1614 1920 cum

256 1945 442 1984 omnium
467 1945 648 1999 primum
675 1944 725 1985 de
758 1943 967 1998 provincis
994 1950 1035 1984 et
1068 1943 1320 1984 exercitibus
1346 1943 1400 1983 ad
1425 1951 1616 1984 senatum

256 2006 522 2055 rettulissent,
548 2007 731 2061 Ligures
757 2006 922 2058 utrique
944 2005 1100 2046 decreti
1125 2014 1235 2053 sunt,
1262 2013 1308 2045 ut
1328 2020 1458 2046 novas
1478 2005 1615 2052 ambo,

256 2069 408 2121 quibus
435 2084 526 2109 eam
551 2068 808 2123 provinciam
828 2068 1075 2115 obtinerent,
1101 2067 1287 2121 legiones
1308 2092 1364 2096 —
1384 2067 1507 2108 binae
1534 2067 1616 2107 sin—

257 2131 366 2185 gulis
399 2131 590 2171 decretae
615 2155 672 2159 ——
697 2138 737 2171 et.
774 2130 932 2170 socium
962 2129 1108 2170 Latini
1144 2130 1323 2170 nominis
1360 2130 1468 2170 dena
1503 2130 1617 2169 milia

258 2193 445 2247 peditum
471 2200 510 2234 et
537 2208 729 2235 sescenos
755 2193 928 2246 equites,
955 2199 996 2233 ct
1021 2193 1361 2247 supplementum
1385 2192 1616 2246 Hispaniae

258 2255 336 2295 tria
372 2255 486 2295 milia
521 2256 709 2309 peditum
747 2256 1035 2296 Romanorum
1073 2255 1301 2295 seriberent
1337 2262 1378 2295 et
1415 2255 1616 2295 ducentos

260 2316 432 2368 equites.
494 2318 547 2356 ad
573 2317 651 2358 hoc
676 2318 787 2358 mille
813 2325 853 2358 et,
884 2317 1104 2372 quingenti
1128 2317 1289 2371 pedites
1316 2316 1495 2357 Romani
1521 2332 1616 2357 eum

260 2385 426 2417 eentum
457 2379 667 2430 equitibus
699 2379 823 2419 scribi
855 2379 976 2428 iussi,
1014 2394 1109 2419 eum
1143 2379 1295 2432 quibus
1328 2386 1513 2433 praetor,
1550 2378 1616 2419 cui

261 2439 455 2479 Sardinia
481 2440 716 2493 obtigisset,
744 2441 785 2480 in
808 2440 1022 2484 Corsicam
1051 2448 1335 2495 transgressus
1362 2441 1518 2481 bellum
1542 2455 1614 2494 ge—

261 2505 385 2541 reret:
418 2501 583 2541 iutcrim
608 2501 671 2541 M.
698 2502 854 2541 Atilius
880 2510 999 2543 vetus
1030 2510 1197 2557 praetor
1228 2503 1484 2557 provinciam
1511 2503 1617 2543 obti-

262 2570 374 2603 neret
403 2562 651 2603 Sardiniam.
690 2571 901 2617 praetores
922 2565 1071 2605 deinde
1099 2565 1332 2618 provincias
1354 2565 1485 2606 sortiti
1507 2572 1616 2611 sunt,

263 2626 315 2665 Λ.
350 2625 502 2665 Atilius
530 2626 735 2666 Serranus
770 2626 992 2674 urbanam,
1031 2626 1080 2666 C.
1110 2628 1287 2668 Cluvius
1321 2627 1481 2669 Saxula
1512 2627 1618 2668 inter
