1804 2926
328 205 618 243 PERIOCHAE
643 203 910 239 LIBRORUM
934 203 1217 238 LXXXXVIH
1224 223 1269 229 -—
1277 202 1356 238 CII.
1432 196 1457 235 5.)
1464 197 1482 234 1
1490 196 1516 234 ἵ)

164 301 259 335 Iovis
274 300 310 334 in
323 299 522 344 Capitolio,
544 297 641 342 quod
659 296 831 330 incendio
851 299 1107 340 consumptum
1126 306 1169 330 ac
1187 295 1366 330 refectum
1380 298 1476 338 erat,
1496 306 1518 328 a

165 347 196 387 Q
230 345 361 380 Catulo
382 345 592 380 dedicatum
611 346 677 376 est.
717 341 757 376 L.
771 341 950 375 Lucullus
969 341 1006 374 in
1024 341 1201 375 Armenia
1220 340 1461 374 Mithridaten
1482 343 1519 374 et

164 392 354 436 Tigranen
375 394 412 425 et
430 390 598 434 ingentes
616 387 806 431 utriusque
820 386 918 431 regis
931 386 1056 430 copias
1070 386 1236 430 pluribus
1247 385 1396 430 proeliis
1410 385 1516 419 fudit.

164 436 207 477 Q.
222 436 393 470 Metellus
406 433 602 480 proconsul
615 432 714 466 bello
729 432 903 466 adversus
918 431 1110 466 Cretenses
1124 431 1299 465 mandato
1314 430 1519 475 Cydoniam

163 482 290 516 urbem
311 481 463 515 obsedit.
501 478 539 513 C.
560 476 726 511 Triarius
745 477 891 522 legatus
912 476 1060 510 Luculli
1086 477 1259 511 adversus
1278 476 1520 510 Mithridaten

164 538 293 570 parum
306 536 478 570 prospere
491 523 682 568 pugnavit.
706 522 915 564 Lucullum,
931 533 976 556 ne
991 526 1272 566 persequeretur
1280 521 1520 554 Mithridaten

164 583 207 606 ac
239 571 429 617 Tigranen
466 579 717 612 summamque
752 567 926 601 victoriae
958 567 1169 611 inponeret,
1203 566 1334 601 seditio
1365 566 1521 600 militum

162 617 298 659 tenuit,
318 615 403 660 quia
416 614 519 658 sequi
538 613 731 656 nolebant,
755 613 793 646 id
813 617 868 646 est
887 612 1053 657 legiones
1073 612 1315 655 Valerianae,
1342 622 1436 656 quae
1455 611 1520 644 im-

163 662 264 707 pleta
279 672 300 695 a
314 672 351 694 se
367 659 551 705 stipendia
565 658 740 701 dicentes,
756 658 953 692 Lucullum
966 657 1204 702 reliquerunt.

650 718 701 742 Ex
719 717 792 741 ΜΒ.
812 717 1032 741 Lxxxxvnii.

232 761 276 802 Q.
290 761 464 796 Metellus
482 761 680 806 proconsul
694 760 840 795 Cnoson
861 764 897 794 et
910 760 1071 805 Lyctum
1092 762 1128 794 et
1149 758 1354 804 Cydoniam
1373 761 1410 792 et
1430 757 1521 797 alias

163 807 338 852 plurimas
351 807 460 841 urbes
475 806 710 852 expugnavit.
742 805 785 839 L.
800 805 955 839 Roscius
974 805 1143 839 tribunus
1157 804 1277 849 plebis
1290 803 1411 848 legem
1423 802 1520 846 tulit,

164 857 204 886 ut
217 852 400 896 equitibus
413 851 589 885 Romanis
609 852 646 885 in
664 851 810 885 theatro
830 850 1122 895 quattuordecim
1142 850 1278 895 gradus
1291 848 1445 893 proximi
1460 848 1522 881 ad—

163 898 408 943 signarentur.
446 896 512 931 Cn.
526 896 725 941 Pompeius
744 896 828 941 lege
849 896 895 930 ad
915 895 1091 940 populum
1110 895 1188 929 lata
1200 894 1371 940 persequi
1384 893 1523 938 piratas

164 943 299 985 iussus,
322 943 383 987 qui
405 942 663 976 commercium
683 952 851 975 annonae
865 941 1160 983 intercluserunt,
1175 940 1270 973 intra
1285 938 1523 984 quadragesi-

164 1000 262 1021 mum
276 987 372 1021 diem
386 992 462 1021 toto
476 987 566 1021 mari
581 998 643 1021 eos
657 987 797 1031 expulit
810 986 981 1030 belloque
996 998 1077 1020 cum
1091 986 1142 1020 eis
1155 985 1193 1019 in
1201 984 1521 1026 Ciliciaconfecto‚

165 1033 327 1077 acceptis
351 1033 388 1066 in
414 1033 635 1066 deditionem
660 1032 789 1076 piratis
821 1043 929 1077 agros
961 1036 997 1066 et
1027 1031 1137 1065 urbes
1168 1031 1280 1065 dedit.
1330 1033 1524 1074 praeterea

165 1090 222 1112 res
248 1082 373 1123 gestas
400 1089 421 1111 a
441 1078 483 1117 Q.
506 1077 654 1112 Metello
680 1077 854 1111 adversus
879 1076 1071 1111 Cretenses
1097 1076 1262 1110 continet
1286 1079 1323 1109 et
1349 1074 1524 1119 epistolas

165 1123 307 1157 Metelli
327 1127 363 1157 ct
383 1122 447 1157 Cn.
462 1123 629 1167 Pompeii
647 1123 685 1155 in
702 1122 817 1156 vicem
838 1122 979 1155 missas,
1018 1121 1180 1166 queritur
1195 1120 1237 1161 Q.
1252 1120 1425 1154 Metellus
1445 1119 1524 1164 glo-

165 1169 257 1202 riam
276 1168 345 1201 sibi
365 1179 484 1201 rerum
505 1179 527 1201 a
546 1180 583 1202 se
605 1172 791 1213 gestarum
811 1178 833 1201 a.
846 1167 1022 1211 Pompeio
1043 1166 1222 1210 praeripi,
1245 1165 1306 1210 qui
1326 1166 1363 1198 in
1377 1165 1525 1199 Cretam

166 1213 304 1247 miserit
319 1213 484 1258 legatum
498 1225 602 1246 suum
617 1213 664 1246 ad
679 1212 912 1256 accipiendas
926 1212 1071 1246 urbium
1085 1212 1300 1247 deditiones.
1326 1209 1524 1255 Pompeius

166 1259 344 1293 rationem
357 1258 478 1293 reddit
492 1258 560 1292 hoc
575 1269 613 1292 se
626 1258 750 1292 facere
765 1257 946 1292 debuisse.

750 1315 799 1340 Ex
819 1316 891 1340 Lm.
914 1315 936 1340 C

233 1359 407 1393 Manilius
437 1359 605 1394 tribunus
634 1358 754 1402 plebis
790 1369 927 1403 magna
957 1357 1213 1403 indignatione
1244 1356 1448 1391 nobilitatis
1473 1356 1523 1390 le-

167 1417 251 1450 gem
270 1405 372 1448 tulit,
393 1408 434 1438 ut
452 1404 629 1448 Pompeio
643 1403 934 1436 Mithridaticum
953 1403 1090 1437 bellum
1113 1403 1361 1437 mandaretur.
1400 1402 1524 1436 contio

166 1451 242 1484 eius
256 1450 364 1486 bona.
403 1448 445 1489 Q.
460 1449 634 1483 Metellus
646 1448 860 1493 perdomitis
874 1448 1111 1482 Cretensibus
1125 1448 1266 1483 liberae
1280 1448 1368 1481 inid
1381 1451 1525 1490 tempus

165 1495 306 1529 insulae
325 1495 426 1540 leges
448 1494 559 1528 dedit.
598 1493 664 1528 Cn.
684 1493 883 1537 Pompeius
904 1493 952 1526 ad
971 1493 1174 1538 gerendum
1191 1493 1331 1527 bellum
1352 1493 1524 1525 adversus

164 1540 406 1574 Mithridaten
428 1539 616 1584 profectus
641 1550 724 1572 cum
748 1549 836 1583 rege
861 1538 1084 1572 Parthorum
1106 1538 1296 1572 Phrahate
1327 1537 1525 1571 amicitiam

164 1585 364 1620 renovavit.
409 1584 569 1629 equestri
592 1584 733 1628 proelio
759 1583 999 1618 Mithridaten
1023 1583 1121 1617 vicit.
1168 1587 1362 1628 praeterea
1386 1582 1527 1616 bellum

166 1631 260 1665 inter
279 1630 493 1664 Phrahaten
512 1640 639 1674 regem
664 1629 884 1662 Parthorum
909 1633 946 1663 et,
972 1629 1161 1674 Tigranen
1181 1628 1456 1672 Armeniorum,
1484 1637 1527 1660 ac

166 1676 301 1710 deinde
315 1675 410 1710 inter
422 1674 539 1709 filium
553 1675 743 1720 Tigranen
755 1678 971 1719 patremque
985 1678 1131 1719 gestum
1145 1674 1319 1708 continet.

738 1733 791 1757 Ex
813 1733 888 1758 ΜΒ.
910 1732 957 1758 Ci.

235 1777 301 1812 Cn.
322 1777 521 1821 Pompeius
539 1776 780 1811 Mithridaten
807 1780 985 1810 nocturno
1005 1775 1146 1821 proelio
1159 1776 1294 1810 victum
1313 1774 1436 1820 coegit
1454 1774 1526 1808 Bo-

167 1833 314 1867 sporum
331 1823 539 1874 profugere.
578 1822 767 1867 Tigranen
780 1821 817 1855 in
831 1822 1054 1856 deditionem
1068 1821 1211 1866 accepit
1225 1821 1331 1865 eique
1346 1820 1527 1864 ademptis

169 1868 292 1912 Syria,
320 1868 522 1909 Phoenice,
550 1867 681 1901 Cilicia
704 1878 858 1912 regnum
882 1867 1079 1901 Armeniae
1104 1866 1275 1901 restituit.
1322 1866 1526 1899 coniuratio

168 1924 292 1946 eorum
312 1913 374 1956 qui
392 1913 430 1945 in
447 1912 625 1956 petitione
647 1913 859 1946 consulatus
879 1912 1038 1946 ambitus
1058 1911 1222 1946 damnati
1243 1915 1349 1946 erant
1368 1910 1469 1944 facta
1482 1910 1528 1944 de

168 1956 431 1992 interficiendis
451 1957 661 1990 consulibus
681 1957 857 2000 obpressa
877 1961 942 1991 est.
981 1956 1046 1991 Cn.
1065 1957 1266 2001 Pompeius
1285 1968 1366 1990 eum
1386 1956 1527 1990 Mithri-

169 2003 281 2036 daten
302 2006 597 2046 persequeretur,
619 2001 656 2034 in
674 2002 821 2035 ultimas
840 2002 1060 2046 ignotasque
1081 2006 1210 2046 gentes
1222 2001 1440 2045 penetravit,
1461 2001 1527 2034 Hi-

167 2048 276 2082 beros
289 2047 546 2090 Albanosque,
568 2046 630 2090 qui
649 2047 843 2080 transitum
862 2057 935 2080 non
949 2047 1105 2089 dabant,
1127 2047 1266 2090 proelio
1285 2046 1382 2079 vicit.
1421 2056 1527 2090 prae-

169 2098 272 2126 terea
290 2092 418 2137 fugam
438 2090 661 2125 Mithridatis
679 2103 746 2136 per
759 2090 916 2125 Colchos
934 2091 1220 2136 Heniochosque
1239 2094 1278 2126 et
1294 2102 1353 2125 res
1372 2090 1418 2125 ab
1434 2101 1476 2125 eo
1490 2090 1528 2124 in

169 2138 333 2182 Bosporo
347 2142 471 2182 gestas
484 2136 656 2171 continet.

734 2195 785 2219 EX
803 2195 876 2219 LIB.
897 2194 957 2219 CII.

240 2239 304 2274 Cn.
330 2239 527 2283 Pompeius
552 2239 589 2272 in
614 2238 823 2282 provinciae
847 2238 1000 2272 formam
1025 2237 1185 2272 Pontum
1208 2236 1364 2282 redegit.
1411 2236 1534 2270 Pham

171 2296 284 2319 naces
302 2284 399 2318 filius
414 2284 636 2318 Mithridatis
656 2284 793 2318 bellum
812 2284 910 2327 patri
928 2283 1062 2316 intulit.
1100 2282 1146 2316 ab
1162 2293 1204 2317 eo
1218 2282 1450 2316 Mithridates
1465 2282 1528 2316 ob-

172 2342 292 2364 sessus
306 2330 343 2362 in
357 2330 461 2374 regia
475 2341 557 2363 cum
569 2340 709 2363 veneno
725 2333 868 2372 sumpto
881 2340 1011 2372 parum
1024 2327 1240 2372 profecisset
1255 2327 1301 2361 ad
1314 2331 1466 2361 mortem
1476 2354 1484 2370 ,
1506 2339 1529 2362 a

174 2375 286 2409 milite
303 2374 412 2408 Gallo
432 2375 577 2408 nomine
590 2374 731 2416 Bitoco,
755 2385 775 2407 a
790 2384 859 2417 quo
874 2378 913 2407 ut
929 2373 1120 2407 adiuvaret
1133 2384 1170 2407 se
1183 2372 1358 2417 petierat,
1379 2372 1527 2407 interfe-

173 2425 254 2454 ctus
273 2424 339 2454 est.
376 2419 441 2454 Cn.
456 2419 655 2463 Pompeius
668 2419 825 2453 Iudaeos
845 2418 1010 2464 subegit3
1028 2418 1155 2452 fanum
1169 2429 1293 2452 eorum
1306 2417 1343 2451 in
1355 2417 1527 2452 Hieroso—

173 2466 283 2510 lyma,
299 2464 513 2498 inviolatum
533 2465 579 2498 ad
599 2465 636 2498 id
648 2468 809 2509 tempuS,
830 2464 936 2508 cepit.
971 2464 1014 2497 L.
1031 2463 1209 2506 Catilina,
1224 2463 1280 2496 bis
1293 2462 1479 2508 repulsam
1490 2463 1526 2497 in

172 2510 349 2555 petitione
359 2509 570 2543 consulatus
583 2520 724 2554 passuS,
735 2521 815 2543 cum
824 2509 984 2543 Lentulo
998 2514 1167 2553 praetore
1176 2513 1213 2543 et
1221 2508 1385 2554 Cethego
1399 2512 1435 2542 et
1443 2519 1528 2542 con-

172 2555 338 2600 pluribus
365 2555 445 2588 aliis
471 2554 675 2588 coniuravit
694 2555 738 2589 de
759 2555 872 2589 caede
893 2555 1082 2588 consulum
1101 2558 1139 2589 et
1158 2558 1322 2597 senatus,
1350 2553 1528 2588 incendiis

174 2600 274 2634 urbis
300 2604 337 2634 et
361 2600 602 2644 obprimenda
621 2611 659 2634 re
678 2600 845 2644 publica,
873 2600 1035 2634 exercitu
1055 2611 1199 2644 quoque
1220 2600 1257 2633 in
1275 2599 1423 2633 Etruria
1443 2610 1527 2632 con-

173 2650 315 2690 parato.
354 2657 398 2680 ea
418 2645 620 2679 coniuratio
639 2645 819 2679 industria
831 2645 880 2679 M.
895 2645 996 2679 Tulli
1010 2645 1194 2680 Ciceronis
1210 2648 1313 2679 eruta
1326 2648 1392 2678 est.
1430 2643 1527 2679 Cati-

174 2690 251 2725 lina
263 2690 353 2726 urbe
365 2691 471 2736 pulso
485 2691 530 2725 de
541 2690 692 2735 reliquis
706 2690 903 2726 coniuratis
917 2691 1136 2735 supplicium
1150 2694 1333 2735 sumptum
1347 2695 1412 2724 cst.
