1804 2926
225 188 276 228 lo·
456 195 607 231 LIBER
633 196 820 240 XXXXI,
849 197 900 230 17.
924 196 975 230 18.
1005 198 1102 239 [ahu.
1118 206 1148 230 c.
1163 196 1335 239 mamis]

177 315 191 343 7
220 301 513 355 proconsulem
549 301 590 340 in
618 300 801 341 Galliam
840 299 1044 354 proficisci
1080 299 1221 348 iussit,
1262 308 1300 341 et
1333 299 1575 340 duumviros

220 363 390 403 navales
417 378 512 403 cum
538 363 668 403 classe
694 362 816 402 Pisas
841 363 919 412 ire,
951 362 1022 415 qui
1048 362 1258 417 Ligurum
1284 376 1419 410 oram,
1451 362 1575 402 mari-

219 434 382 466 tumum
408 439 576 478 quoque
602 432 801 466 terrorem
826 425 1110 473 admoventes,
1137 423 1574 464 circumvectarentur.

175 504 194 530 s
221 487 368 528 codem
394 487 515 528 Pisas
542 494 582 528 et
603 487 656 538 Q.
677 487 870 528 Petillius
896 486 1041 527 consul
1066 486 1119 526 ad
1146 486 1480 527 conveniendum
1506 500 1576 526 ex-

176 565 193 592 v
221 550 367 591 crcitui
393 547 544 604 [diem]
572 550 769 590 edixerat.
819 556 859 590 ct
886 548 934 590 C.
959 547 1162 589 Claudius
1188 548 1410 602 proconsul
1436 547 1578 588 audita

221 612 446 653 rebellione
472 612 684 666 Ligurum
709 618 874 665 praeter
899 626 968 651 cas
995 609 1150 665 copias,
1176 625 1280 663 quas
1306 624 1449 650 secum
1472 609 1578 650 Par-

222 689 314 715 mae
345 674 547 722 habebat,
581 674 775 714 subitaris
807 673 989 715 collectis
1022 673 1243 722 militibus,
1270 671 1498 714 exercitum
1525 671 1578 712 ad

221 737 323 778 fines
348 736 558 791 Ligurum
584 736 782 777 admovit.

178 812 192 841 1
303 798 478 840 XVIII.
511 800 667 839 Hostes
682 798 760 839 sub
775 797 1000 838 adventum
1017 796 1066 838 C.
1084 796 1250 845 Claudi,
1273 812 1296 838 a
1309 811 1392 850 quo
1407 796 1512 838 duce
1533 811 1577 837 sc

220 861 498 903 meminerant
522 876 657 915 nuper
684 861 738 901 ad
752 860 1025 901 Scultennam
1051 860 1207 900 flumen
1233 859 1363 900 victos
1388 859 1578 913 fugatos-

220 938 315 976 que,
329 924 517 964 locorum
536 922 671 976 magis
691 922 898 976 praesidio
914 921 1113 962 adversus
1128 921 1350 962 infeliciter
1364 929 1577 975 expertam

221 985 305 1025 vim
341 1000 468 1038 quam
505 985 629 1025 armis
668 999 711 1025 se
749 983 980 1032 defensuri,
1018 983 1122 1023 duos
1159 990 1320 1024 montes
1351 982 1508 1024 Letum
1539 991 1579 1024 et

176 1063 194 1089 2
220 1047 441 1088 Ballistam
472 1054 691 1100 ceperunt,
721 1060 926 1098 muroque
956 1045 1128 1099 insuper
1159 1044 1354 1099 amplexi.
1420 1044 1579 1085 tardius

222 1125 274 1150 ex
299 1109 410 1163 agris
437 1108 718 1162 demigrantes
745 1106 932 1162 oppressi
958 1106 1011 1146 ad
1036 1106 1148 1147 mille
1170 1113 1210 1147 et
1230 1106 1447 1161 quingenti
1471 1105 1580 1160 peri-

177 1185 194 1214 3
221 1179 360 1219 erunt3
387 1170 513 1211 ceteri
537 1169 748 1210 montibus
769 1184 814 1210 se
840 1168 1050 1216 tenebant,
1077 1175 1117 1209 et
1135 1183 1188 1209 ne
1212 1168 1255 1208 in
1275 1175 1390 1209 metu
1410 1167 1579 1221 quidem

221 1233 396 1275 feritatis
427 1232 638 1287 ingenitae
663 1231 780 1273 obliti
813 1230 1003 1272 saeviunt
1028 1230 1070 1271 in
1095 1229 1315 1285 praedam,
1347 1244 1455 1283 quae
1479 1230 1581 1270 Mu-

221 1296 332 1337 tinae
363 1302 483 1350 parta
513 1302 613 1336 crat.
679 1293 865 1348 captivos
898 1308 993 1334 cum
1023 1292 1148 1333 foeda
1179 1291 1429 1333 laceratione
1454 1292 1580 1333 inter-

221 1359 378 1407 ficiunt,
403 1373 556 1413 pecora
579 1357 622 1398 in
646 1357 754 1397 fanis
781 1356 991 1397 trucidant
1015 1355 1154 1397 verius
1179 1355 1335 1410 passim
1356 1369 1483 1408 quam
1502 1355 1579 1397 rite

178 1435 196 1462 -t
222 1421 470 1462 sacrificant.
509 1419 646 1460 satiati
667 1419 793 1460 caede
815 1418 1103 1467 animantium,
1131 1432 1238 1471 quae
1258 1417 1443 1458 inanima
1463 1427 1580 1458 erant

221 1483 450 1537 parietibus
471 1482 687 1537 adfligunt,
712 1496 813 1521 vasa
834 1480 965 1521 omnis
992 1479 1156 1534 generis
1178 1479 1273 1519 usui
1298 1479 1432 1533 magis
1453 1494 1579 1533 quam

178 1557 197 1585 ‚5
222 1552 464 1585 ornamento
490 1544 533 1585 in
558 1543 739 1598 speciem
764 1542 887 1583 facta.
949 1542 1002 1594 Q.
1028 1541 1220 1582 Petillius
1246 1542 1404 1590 consul,
1429 1556 1482 1583 ne
1507 1542 1580 1583 ab·

225 1614 340 1648 sente
367 1622 409 1647 se
440 1606 736 1654 debellaretur,
767 1605 926 1645 litteras
958 1604 1012 1645 ad
1038 1602 1087 1644 C.
1116 1602 1343 1644 Claudium
1372 1603 1503 1653 misit,
1534 1614 1581 1645 ut

225 1684 321 1710 cum
354 1669 539 1710 exercitu
570 1669 624 1709 ad
657 1683 700 1709 se
731 1668 774 1708 in
802 1666 985 1708 Galliam
1017 1667 1193 1707 veniret:
1232 1666 1389 1721 campis
1420 1667 1579 1708 Macris

183 1742 200 1769 {3
225 1746 267 1772 se
294 1746 391 1772 cum
416 1738 747 1785 expectaturum.
807 1729 952 1770 litteris
984 1728 1165 1783 acceptis
1193 1726 1395 1769 Claudius
1429 1744 1480 1770 ex
1505 1729 1581 1770 Li-

223 1793 399 1847 guribus
436 1800 571 1833 castra
607 1792 737 1832 movit
774 1791 1086 1844 exercitumque
1123 1791 1176 1831 ad
1208 1805 1378 1845 campos
1409 1791 1579 1832 Macros

225 1855 385 1896 consuli
410 1855 591 1895 tradidit.
653 1854 800 1895 codem
825 1852 1052 1907 (tempore)
1078 1852 1223 1907 paucis
1244 1860 1336 1907 post
1359 1853 1506 1895 diebus
1528 1852 1578 1894 C.

224 1917 418 1959 Valerius
439 1917 584 1957 consul
604 1917 706 1957 alter
725 1915 852 1956 venit.
890 1915 946 1955 ibi
968 1915 1110 1955 divisis
1126 1914 1270 1969 copiis,
1293 1913 1580 1969 [prius]quam

224 1979 591 2033 congrederentur,
618 1978 894 2019 communiter
913 1977 1037 2017 ambo
1059 1977 1266 2017 exercitus
1285 1978 1579 2019 lustraverunt.

223 2049 312 2082 tum
339 2041 489 2089 sortiti,
523 2041 621 2094 quia
651 2055 736 2081 non
762 2040 815 2081 ab
841 2040 988 2081 eadem
1012 2046 1238 2093 utrumque
1263 2046 1381 2093 parte
1407 2040 1581 2095 adgredi

175 2115 194 2141 s
223 2103 386 2144 hostem
408 2103 613 2157 placebat,
639 2103 830 2156 regiones
846 2116 950 2155 quas
972 2108 1172 2155 peterent..
1210 2101 1427 2143 Valerium
1442 2102 1582 2156 auspi-

225 2173 317 2206 cato
339 2166 529 2206 sortitum
544 2165 774 2214 constabat,
795 2164 908 2217 quod
928 2163 971 2204 in
991 2164 1146 2218 templo
1167 2163 1333 2213 fuisset;
1358 2163 1401 2204 in
1414 2163 1581 2206 Petillio

226 2228 268 2268 id
293 2228 380 2268 vitii
406 2228 564 2269 factum
586 2234 734 2282 postea
759 2241 941 2281 augures
966 2226 1284 2280 responderunt,
1309 2226 1422 2279 quod
1446 2226 1583 2279 (extra

226 2290 448 2343 templum)
479 2298 632 2330 sortem
655 2290 699 2330 in
732 2289 866 2330 sitella
896 2289 938 2329 in
968 2288 1172 2343 templum
1202 2289 1331 2329 latam
1362 2289 1462 2330 foris
1492 2289 1582 2344 ipsc

228 2351 480 2406 [cduxisset,
516 2366 612 2392 cum
642 2352 685 2392 in
715 2351 870 2406 templo
907 2351 1042 2392 sortiri
1082 2358 1123 2392 et
1160 2349 1324 2405 ipsum]
1360 2358 1581 2405 oporteret.

185 2426 202 2454 9
230 2413 404 2466 profecti
440 2413 537 2454 inde
574 2414 616 2453 in
653 2414 837 2454 diversas
874 2413 1079 2467 regiones.
1151 2413 1342 2455 Petillius
1382 2413 1582 2454 adversus
1623 2461 1626 2463 ¹

229 2474 428 2515 Ballistae
454 2482 495 2514 et
514 2474 611 2515 Leti
635 2475 795 2528 iugum,
821 2475 933 2527 quod
960 2489 1029 2516 eos
1050 2482 1212 2516 montes
1237 2482 1440 2530 perpetuo
1460 2476 1582 2516 dorso

167 2550 205 2579 lo
231 2537 336 2577 iuter
361 2550 404 2576 se
430 2535 584 2589 iungit,
610 2543 746 2575 castra
770 2536 928 2576 habuit.
989 2536 1049 2577 ibi
1073 2537 1363 2579 adhortantem
1388 2552 1485 2578 eum
1508 2551 1582 2592 pro

231 2598 423 2640 contione
449 2597 618 2644 milites,
649 2597 920 2638 inmemorem
946 2599 1231 2652 ambiguitatis
1257 2599 1392 2649 verbi,
1425 2599 1582 2639 omina-

170 2675 204 2704 11
233 2672 322 2701 tum
358 2659 514 2708 ferunt,
553 2675 596 2700 sc
632 2674 680 2700 co
714 2659 779 2699 die
811 2659 966 2700 Letum
998 2668 1218 2714 capturum
1255 2676 1358 2702 esse.
1419 2659 1581 2701 duabus

182 1931 197 1958 ⁶⁵]
