1804 2926
229 394 247 422 10

202 2194 239 2222 lo

224 2502 239 2530 1

275 144 329 185 66
548 154 701 187 LIBER
726 154 933 197 xxxxu,
959 155 1014 188 46.
1034 154 1088 188 47.
1117 154 1356 199 [a.u.e.583]

274 257 316 297 in
348 256 644 298 Macedoniam
675 257 901 312 recepisset
932 272 1042 307 sese,
1078 259 1239 313 legatos
1272 259 1449 300 Romam
1483 259 1534 303 de
1566 260 1628 301 in—

274 318 432 359 cohatis
458 332 554 359 eum
572 318 737 360 Marcio
764 319 1079 361 condicionibus
1103 320 1218 375 pacis
1244 320 1368 370 misit,
1394 328 1436 362 et
1459 322 1629 376 Byzan-

273 380 377 421 tium
402 387 443 422 et
471 379 500 435 [.
516 412 525 421 .
541 412 550 421 .
567 381 598 433 .]
624 381 821 423 Rhodum
846 382 1004 423 litteras
1029 383 1177 437 legatis
1203 382 1397 424 ferendas
1423 383 1549 426 dedit.
1585 384 1629 425 in

272 441 419 483 litteris
451 443 599 484 eadem
636 443 843 484 sententia
878 444 932 485 ad
963 445 1097 485 onmis
1134 453 1241 495 erat,
1278 445 1546 486 conlocutum
1584 461 1628 487 se

273 519 369 544 oum
383 504 673 546 Romanorum
697 505 867 560 legatis:
894 520 1002 560 quae
1029 508 1211 548 audisset
1237 521 1431 561 quaeque
1457 508 1627 550 dixisset

270 567 328 607 ita
361 567 580 622 disposita,
616 575 662 608 ut
699 568 889 623 superior
919 569 1048 611 fuisse
1084 570 1125 611 in
1158 570 1460 624 disceptatione
1496 570 1628 611 videri

269 637 422 684 posset.
463 638 565 684 aput
589 630 778 671 Rhodios
803 631 931 685 legati
958 632 1221 681 addiderunt,
1248 632 1455 673 confidere
1480 646 1627 686 paoem

269 691 475 741 futuram,
513 693 753 734 auctoribus
791 693 900 734 enim
941 694 1104 735 Mareio
1148 702 1274 747 atque
1310 695 1442 735 Atilio
1478 694 1626 734 missos

269 753 449 795 Romam
474 754 654 809 legatos:
682 755 716 795 si
743 765 962 810 pergerent
989 756 1170 797 Romani
1195 765 1339 797 eontra
1363 756 1512 797 foedus
1537 770 1626 796 mo-

269 830 366 857 vere
392 816 563 866 bellum,
591 825 680 858 tum
707 818 820 858 omni
843 818 1000 872 gratia,
1025 818 1139 858 omni
1165 833 1243 872 ope
1269 819 1511 859 enitendum
1536 817 1625 859 fore

269 877 449 926 Rhodis,
482 886 528 918 ut
552 879 820 920 reconcilient
844 894 1010 933 paeem3
1044 879 1078 919 si
1108 879 1210 920 nihil
1243 880 1506 933 deprecando
1531 894 1624 934 pro-

267 938 428 988 ficiant,
466 940 509 979 id
534 940 762 994 agendum,
800 955 853 981 ne
887 940 1074 980 omnium
1105 955 1245 981 rerum
1276 941 1340 981 ius
1365 956 1413 981 ae
1443 948 1625 995 potestas

267 1000 321 1040 ad
351 1015 482 1040 unuln
512 1002 716 1055 populum
746 1002 975 1056 perveniat.
1036 1016 1132 1042 eum
1163 1010 1396 1043 ceterorum
1426 1003 1469 1043 id
1500 1003 1626 1044 inter-

267 1077 371 1111 esse,
396 1070 486 1103 tum
511 1063 734 1118 praecipue
748 1063 1024 1112 Rhodiorum,
1050 1078 1133 1117 quo
1158 1065 1251 1118 plus
1272 1065 1380 1105 inter
1399 1065 1500 1105 alias
1527 1064 1623 1106 eivi-

266 1132 372 1166 tates
399 1125 602 1180 dignitate
633 1134 758 1180 atque
784 1126 934 1180 opibus
960 1127 1184 1175 excellant3
1218 1142 1324 1180 quae
1356 1142 1476 1168 serva
1500 1135 1625 1181 atque

267 1186 449 1228 obnoxia
484 1187 592 1236 fore,
631 1188 665 1228 si
697 1188 836 1229 nullus
867 1188 948 1229 alio
983 1189 1035 1230 sit
1067 1203 1194 1242 quam
1231 1189 1285 1229 ad
1316 1189 1529 1230 Romanos
1560 1204 1625 1231 re-

268 1258 446 1303 spectus.
507 1250 642 1305 magIS
675 1258 715 1292 et
744 1251 907 1292 litterae
939 1258 979 1292 et
1010 1251 1139 1292 verba
1176 1251 1411 1306 legatorum
1444 1251 1624 1305 benigne

266 1319 360 1351 sunt
393 1311 536 1352 audita
567 1327 694 1365 quam
725 1320 985 1354 momentum
1016 1313 1070 1354 ad
1105 1313 1328 1354 mutandos
1361 1313 1520 1354 animos
1552 1313 1625 1355 ha-

267 1373 465 1423 buerunt3
491 1375 698 1429 potenti0r
717 1391 806 1416 esse
826 1375 956 1430 partis
976 1376 1158 1417 melioris
1181 1376 1405 1416 auctoritas
1419 1384 1622 1429 coeperat.

265 1450 512 1489 responsum
537 1451 588 1477 ex
615 1437 781 1478 decreto
808 1445 883 1484 est,
912 1445 1056 1491 optare
1083 1452 1229 1492 pacem
1243 1437 1451 1486 Rhodios3
1478 1437 1512 1477 si
1537 1437 1624 1478 bel—

265 1497 352 1537 lum
384 1505 510 1546 esset,
542 1514 594 1539 ne
625 1499 728 1552 quid
760 1499 813 1538 ab
838 1499 1014 1539 Rhodiis
1041 1507 1225 1553 speraret
1251 1507 1322 1539 aut
1353 1506 1512 1553 peteret
1535 1514 1622 1547 rex,

266 1560 379 1612 quod
404 1567 587 1601 veterem
620 1561 866 1610 amicitiam,
897 1561 1038 1601 multis
1065 1561 1312 1615 magnisque
1338 1561 1494 1601 meritis
1520 1575 1622 1615 pace

266 1622 459 1674 belloque
485 1630 669 1676 partam,
697 1623 933 1677 diiungeret
959 1623 1037 1664 sibi
1063 1638 1110 1664 ae
1136 1623 1351 1664 Romanis.
1394 1623 1447 1664 ab
1472 1623 1623 1664 Rhodo

265 1684 486 1725 redeuntes
514 1685 714 1726 Boeotiae
740 1699 907 1739 quoque
934 1686 1137 1734 civitates,
1163 1693 1204 1727 et
1229 1685 1398 1726 Thebas
1425 1693 1465 1726 et
1491 1684 1624 1726 Coro-

265 1761 387 1787 neam
413 1754 450 1786 et
477 1747 737 1795 Haliartum,
775 1747 986 1796 adierunt,
1023 1747 1175 1801 quibus
1207 1762 1452 1801 expressum
1483 1747 1624 1788 invitis

265 1808 599 1857 existimabatur,
632 1816 676 1849 ut
710 1810 854 1850 relicta
885 1809 1002 1863 regia
1027 1809 1223 1850 societate
1248 1809 1451 1850 Romanis
1477 1809 1625 1850 adiun-

264 1878 474 1924 gerentur.
535 1871 728 1912 Thebani
753 1871 855 1911 nihil
880 1871 981 1912 moti
1007 1879 1121 1919 sunt,
1155 1886 1412 1924 quamquam
1436 1871 1624 1912 nonnihil

265 1940 303 1973 et
336 1933 541 1973 damnatis
577 1933 835 1988 principibus
866 1941 907 1974 et
941 1934 1141 1975 restitutis
1174 1933 1367 1974 exulibus
1407 1947 1625 1975 succense—

265 1995 367 2035 bant
402 1995 619 2036 Romanis.
692 1995 901 2037 Coronaei
944 2004 985 2037 et
1021 1995 1219 2036 Haliartii
1258 1995 1402 2036 favore
1440 1995 1623 2049 quodam

265 2056 388 2097 insito
413 2057 456 2097 in
489 2072 609 2112 reges
641 2057 803 2112 legatos
837 2058 879 2098 in
904 2057 1201 2098 Macedoniam
1234 2057 1436 2098 miserunt
1468 2057 1625 2112 praesi-

266 2118 382 2158 dinm
418 2127 628 2173 petentes,
665 2133 749 2173 quo
788 2135 832 2161 se
864 2120 1065 2161 adversus
1097 2119 1354 2173 inpotentem
1385 2119 1624 2173 superbiam

265 2180 564 2221 Thebanorum
595 2182 703 2222 tueri
732 2181 904 2236 possint.
966 2181 1033 2223 eui
1063 2181 1261 2236 legationi
1292 2195 1539 2235 responsum
1570 2181 1623 2221 ab

264 2259 363 2298 rege
395 2252 477 2292 est,
514 2244 770 2298 praesidium
800 2260 843 2286 se
875 2251 1045 2299 propter
1083 2243 1264 2284 indutias
1296 2258 1392 2284 eum
1423 2243 1624 2298 Romanis

265 2306 397 2345 saetas
423 2306 586 2347 mittere
610 2322 694 2347 non
725 2321 867 2361 posse:
906 2314 1046 2348 tamen
1071 2306 1129 2347 ita
1154 2306 1350 2354 suadere,
1378 2306 1430 2346 ab
1456 2305 1624 2346 Theba-

265 2381 413 2406 norum
432 2367 603 2415 iniuriis,
629 2382 713 2420 qua
732 2377 914 2422 possent,
935 2375 980 2409 ut
1001 2383 1044 2409 se
1059 2368 1330 2417 vindicarent,
1356 2382 1408 2409 ne
1423 2367 1624 2408 Romanis

265 2428 510 2482 praeberent
538 2444 707 2470 eausam
732 2431 775 2471 in
800 2446 843 2472 se
869 2431 1095 2472 saeviendi.

351 2490 647 2531 XXXXVH.
684 2491 874 2533 Marcius
907 2500 945 2534 et
972 2493 1128 2533 Atilius
1155 2492 1334 2533 Romam
1367 2506 1463 2532 oum
1487 2491 1623 2532 venis-

266 2559 370 2599 sent,
396 2551 648 2605 legationem
672 2552 715 2591 in
731 2551 940 2606 Capitolio
966 2554 1024 2594 ita
1047 2554 1351 2601 renuntiarunt,
1377 2561 1421 2594 ut
1445 2553 1559 2593 nulla
1578 2567 1622 2592 re

271 2612 406 2666 magis
437 2612 716 2666 gloriarentur
747 2627 874 2666 quam
906 2614 1081 2668 decepto
1113 2630 1187 2668 per
1216 2614 1400 2655 indutias
1429 2620 1470 2655 et
1505 2627 1620 2667 spem
