1804 2926
456 104 606 177 Llnssit
632 142 840 185 xxxxii,
869 144 921 175 11.
944 144 996 175 12.
1024 142 1129 183 [ac.
1146 143 1222 176 173.
1239 143 1319 186 172]
1511 135 1560 175 37

213 251 296 291 silis
320 262 465 288 necem
479 246 670 287 Demetri
694 245 753 285 ffli
772 246 929 286 rettulit
952 245 1209 286 adversantis
1225 246 1415 288 Romano
1438 248 1562 288 bello:

212 313 510 351 Bastarnarum
534 316 702 362 gentem
728 307 907 348 excitam
927 307 1096 348 sedibus
1123 308 1221 356 suis,
1248 323 1425 362 quorum
1446 310 1564 350 auxi-

210 374 273 414 liis
298 373 428 414 fretus
459 371 502 412 in
530 371 698 410 Italiam
729 369 942 419 transiret3
979 369 1082 410 haec
1108 385 1204 411 eum
1234 371 1491 412 volutantem
1523 372 1565 412 in

211 435 347 476 animo
378 448 624 488 oppressum
654 432 741 472 fato
766 447 946 486 regnum
971 432 1009 473 ei
1033 432 1271 486 reliquisse,
1303 447 1427 486 quem
1459 434 1564 475 infe-

211 497 435 538 stissimum
468 510 558 536 esse
589 495 785 535 sensisset
816 493 1031 535 Romanis.
1092 494 1233 548 itaque
1258 494 1416 536 Persea
1445 496 1564 537 here-

211 559 404 600 ditarium
426 556 491 612 [a]
518 567 635 611 patre
660 557 849 597 relictum
874 557 1030 597 bellum
1057 564 1097 596 et.
1123 557 1245 597 simul
1272 571 1365 597 cum
1392 557 1565 612 imperi0

208 621 406 663 traditum
436 620 519 660 iam
551 620 713 674 pridem
744 619 853 659 alere
886 634 934 659 ac
971 619 1113 660 fovere
1145 619 1338 660 omnibus
1369 620 1563 660 consiliis.

209 684 355 725 florere
381 691 596 737 praeterea,
620 681 849 729 inventute,
876 696 1000 734 quam
1028 681 1198 735 stirpem
1223 680 1350 736 longa
1375 697 1456 736 pax
1478 682 1563 722 edi-

210 746 326 793 derit,
352 746 497 786 florere
517 745 666 799 opibus
687 744 819 798 regni,
845 743 992 784 florere
1013 743 1135 784 etiam
1157 751 1304 785 aetate.
1342 758 1449 797 quae
1470 759 1565 785 cum

209 808 391 862 corporis
416 807 565 848 robore
591 822 639 847 ac
664 806 822 846 viribus
849 806 1003 861 vigeat,
1031 806 1217 846 animum
1242 821 1332 847 esse
1358 807 1564 848 invetera-

208 882 296 911 tum
311 870 471 910 diutina
493 878 579 910 arte
605 877 730 921 atque
750 884 830 909 usu
855 869 965 910 belli.
1003 868 1086 909 iam
1110 869 1207 909 inde
1229 884 1253 908 a.
1278 884 1407 923 puero
1433 869 1562 923 patris

208 931 479 973 contubernio
494 932 695 972 Romanis
722 945 888 984 quoque
913 931 1046 979 bellis,
1073 946 1156 971 non
1177 931 1376 971 finitumis
1401 938 1563 972 tantum

208 995 441 1043 adsuetum,
468 994 641 1034 missum
665 1009 688 1034 a
713 1002 830 1048 patre
855 993 898 1034 in
924 993 1209 1048 expeditiones
1236 994 1387 1034 multas
1407 994 1564 1034 varias-

208 1072 302 1110 que.
361 1057 442 1097 iam
470 1072 521 1097 ex
551 1070 633 1109 quo
665 1056 753 1110 ipse
779 1056 1009 1110 accepisset
1034 1071 1229 1110 regnum,
1268 1057 1416 1105 multa,
1454 1070 1562 1108 quae

207 1135 290 1159 non
315 1119 368 1167 vi,
394 1134 477 1159 non
503 1119 598 1159 dolo
613 1118 836 1172 Philippus
863 1118 1002 1159 onmia
1027 1128 1222 1172 expertus
1248 1119 1449 1172 potuisset
1475 1133 1564 1158 mo—

207 1181 291 1228 liri,
324 1181 567 1221 admirando
598 1196 736 1221 rerum
769 1195 963 1222 successu
990 1181 1184 1221 tenuisse.
1252 1181 1479 1221 adcessisse
1511 1181 1564 1221 ad

206 1244 314 1284 vires
341 1258 446 1291 eam,
472 1257 579 1295 quae
605 1243 731 1296 longo
758 1250 944 1297 tempore
970 1243 1111 1283 multis
1137 1243 1384 1297 magnisque
1406 1243 1562 1284 meritis

206 1317 433 1360 pareretur,
460 1305 761 1345 auctoritatem.

290 1367 397 1407 XII.
430 1367 540 1407 Nam
567 1375 668 1421 aput
692 1366 895 1408 Graeciae
922 1375 1045 1421 atquc
1060 1368 1189 1409 Asiae
1216 1368 1404 1409 civitates
1429 1368 1560 1408 vereri

206 1429 465 1470 maiestatem
491 1429 579 1470 eius
606 1444 761 1470 omnes.
799 1444 875 1470 nec
900 1444 975 1484 pro
1002 1430 1154 1483 quibus
1180 1430 1351 1478 meritis,
1377 1445 1451 1484 pro
1478 1444 1562 1483 qua

206 1491 488 1532 munificentia
514 1499 676 1532 tantum
703 1491 739 1532 ei
766 1492 985 1541 tribuatur,
1013 1507 1195 1540 cernere,
1221 1507 1298 1532 nec
1325 1492 1461 1533 dicere
1486 1507 1561 1546 pro

207 1561 319 1596 certo
345 1568 486 1608 posse,
518 1565 658 1594 utrum
684 1553 881 1595 felicitate
908 1554 950 1594 id
975 1555 1156 1607 quadam
1183 1555 1270 1595 eius
1297 1555 1470 1602 accidat,
1496 1570 1562 1602 an,

207 1616 320 1669 quod
346 1616 433 1670 ipse
459 1624 651 1657 vereatur
677 1617 827 1665 dicere,
853 1617 1010 1658 invidia
1035 1617 1236 1658 adversus
1262 1617 1474 1658 Romanos
1500 1617 1562 1657 fa-

207 1693 349 1719 vorem
380 1679 439 1719 illi
470 1679 672 1720 conciliet.
732 1679 840 1720 inter
871 1679 983 1733 ipsos
1010 1694 1178 1733 quoque
1202 1695 1323 1734 reges
1349 1680 1561 1734 ingentem

208 1742 453 1783 auctoritate
475 1740 626 1796 [esse];
654 1741 822 1783 Seleuci
846 1743 973 1783 filiam
1000 1743 1168 1784 duxisse
1189 1758 1283 1783 eum
1309 1758 1393 1783 non
1418 1753 1562 1797 peten-

205 1811 302 1852 tem,
329 1804 401 1844 sed
427 1804 602 1858 petitum
628 1805 750 1853 ultro,
777 1820 960 1846 sororem
985 1805 1149 1846 dedisse
1173 1805 1349 1846 Prusiae
1375 1806 1560 1859 precanti

207 1873 331 1918 atque
363 1867 516 1914 oranti3
554 1867 783 1907 celebratas
815 1882 905 1908 esse
942 1875 1144 1921 utrasque
1170 1868 1337 1922 nuptias
1373 1868 1559 1922 gratula-

207 1928 316 1967 tione
343 1926 424 1981 [et]
452 1928 569 1968 donis
594 1928 962 1970 innumerabilium
995 1930 1252 1983 legationum
1278 1938 1319 1970 et
1348 1930 1461 1970 velut
1487 1945 1560 1969 au—

207 1988 390 2043 spicibus
421 1989 702 2030 nobilissumis
734 1991 898 2044 populis
926 1992 1124 2032 deductas
1150 2007 1252 2032 esse.
1301 1992 1557 2032 Boeotorum

206 2059 396 2105 gentem,
436 2058 645 2105 captatam
681 2051 899 2106 Philippo,
935 2067 1166 2105 numquam
1204 2053 1257 2093 ad
1293 2053 1559 2093 scribendum

208 2113 412 2153 amicitiae
444 2113 593 2153 foedus
618 2113 770 2155 adduci
802 2114 1006 2167 potuiss03
1039 2114 1170 2154 tribus
1196 2129 1307 2154 nunc
1338 2114 1439 2154 locis
1466 2128 1559 2154 cum

207 2175 364 2215 Perseo
389 2174 536 2216 foedus
562 2175 740 2215 incisum
764 2176 911 2216 litteris
934 2192 1037 2224 esse,
1062 2190 1145 2216 uno
1159 2175 1330 2224 Thebis,
1357 2176 1485 2216 altero
1507 2176 1560 2216 ad

207 2236 448 2285 Posideum,
476 2238 787 2291 augustissumo
811 2246 851 2279 et.
876 2239 1159 2279 celeberrumo
1179 2238 1221 2278 in
1247 2238 1414 2292 templo,
1440 2239 1559 2279 tertio

208 2298 399 2353 Delphis.
459 2300 502 2339 in
526 2299 715 2341 Achaico
742 2301 915 2341 concilio
941 2316 1038 2342 vero
1071 2301 1150 2341 nisi
1183 2301 1371 2341 discussa
1395 2316 1460 2341 res
1485 2316 1560 2355 per

207 2376 362 2415 paucos
400 2362 640 2402 Romanum
675 2363 894 2417 imperium
937 2363 1178 2405 intentantis
1215 2371 1342 2411 esset,
1386 2377 1434 2404 eo
1471 2378 1560 2404 rem

206 2438 335 2477 prope
365 2424 607 2473 adductam,
644 2432 690 2465 ut
721 2425 857 2465 aditus
889 2426 927 2466 ei
958 2426 1001 2466 in
1030 2425 1239 2466 Achaiam
1269 2425 1449 2466 daretur.
1517 2432 1557 2465 at

206 2485 372 2526 hercule
398 2500 495 2526 suos
520 2486 711 2535 honores,
737 2487 853 2528 cuius
874 2488 1022 2529 merita
1045 2488 1086 2528 in
1109 2503 1200 2528 eam
1225 2495 1393 2541 gentem
1419 2487 1558 2541 priva-

206 2547 279 2587 tim
299 2563 350 2588 an
370 2548 536 2602 publice
557 2549 637 2589 sint
657 2549 814 2590 maiora
833 2550 902 2590 vix
922 2550 1002 2591 dici
1021 2557 1173 2605 posset,
1199 2549 1349 2604 partim
1373 2549 1556 2590 desertos

205 2624 279 2663 per
303 2610 507 2651 incultum
534 2626 581 2651 ac
607 2612 935 2666 neglegentiam,
967 2613 1118 2668 partim
1143 2612 1346 2653 hostiliter
1372 2612 1556 2652 sublatos

1590 386 1607 413 ἶ)

1590 697 1607 724 o

1591 883 1605 911 ῖ

1588 1068 1607 1097 ὃ

1590 1194 1607 1221 9

1589 1566 1607 1594 2

1588 1692 1606 1719 3
